%%%% Articles

@article{1742-6596-219-4-042033,
      author="{A. Casajus and others}",
      title="{DIRAC distributed secure framework}",
      journal="{Journal of Physics: Conference Series}",
      volume={219},
      number={4},
      pages={042033},
      url={http://stacks.iop.org/1742-6596/219/i=4/a=042033},
      year={2010},
}

@article{LHCB-PAPER-2016-031-002,
      author         = "{R. Aaij {\it{et al.}}}",
      title          = "{Measurement of the $b$-quark production cross-section in 7 and 13 TeV $pp$ collisions}",
      collaboration  = "LHCb",
      journal        = "Phys. Rev. Lett.",
      volume         = "118",
      year           = "2017",
      number         = "5",
      pages          = "052002",
      doi            = "10.1103/PhysRevLett.118.052002",
      eprint         = "1612.05140",
      archivePrefix  = "arXiv",
      primaryClass   = "hep-ex",
      reportNumber   = "CERN-EP-2016-201, LHCB-PAPER-2016-031",
      SLACcitation   = "%%CITATION = ARXIV:1612.05140;%%"
}

@article{medipixColl,
      author="{Ballabriga, R. and others}",
      title="{Characterization of the Medipix3 pixel readout chip}",
      journal="{Journal of Instrumentation}",
      volume={6},
      number={01},
      pages={C01052},
      url={http://stacks.iop.org/1748-0221/6/i=01/a=C01052},
      year={2011},
}
	
@article{Akiba:2015mxa,
      author         = "Akiba, K. and others",
      title          = "{Characterisation of Medipix3 Silicon Detectors in a
                        Charged-Particle Beam}",
      journal        = "JINST",
      volume         = "11",
      year           = "2016",
      number         = "01",
      pages          = "P01011",
      doi            = "10.1088/1748-0221/11/01/P01011",
      eprint         = "1509.02387",
      archivePrefix  = "arXiv",
      primaryClass   = "physics.ins-det",
      reportNumber   = "LHCB-PUB-2016-002",
      SLACcitation   = "%%CITATION = ARXIV:1509.02387;%%"
}

@unpublished{DeCapua:2206862,
      author        = "De Capua, Stefano",
      collaboration = "LHCb",
      title         = "{The LHCb VELO Upgrade}",
      month         = "Aug",
      year          = "2016",
      reportNumber  = "LHCb-TALK-2016-229",
      note = "LHCb-TALK-2016-229",
      url           = "https://cds.cern.ch/record/2206862",
}

@article{implications,
      author         = "Aaij, R and others",
      title          = "{Implications of LHCb measurements and future prospects}",
      collaboration  = "LHCb",
      journal        = "Eur. Phys. J.",
      volume         = "C73",
      year           = "2013",
      number         = "4",
      pages          = "2373",
      doi            = "10.1140/epjc/s10052-013-2373-2",
      eprint         = "1208.3355",
      archivePrefix  = "arXiv",
      primaryClass   = "hep-ex",
      reportNumber   = "LHCB-PUB-2012-006, LHCB-PAPER-2012-031,
                        CERN-PH-EP-2012-334",
      SLACcitation   = "%%CITATION = ARXIV:1208.3355;%%"
}

@unpublished{pk_plots,
      collaboration  = "LHCb",
      title          = "{LHCb dimuon and charm mass distributions}",
      year           = "2016",
      reportNumber   = "LHCb-CONF-2016-005, CERN-LHCb-CONF-2016-005",
      note           = "LHCb-CONF-2016-005, CERN-LHCb-CONF-2016-005",
      SLACcitation   = "%%CITATION = LHCB-CONF-2016-005;%%"
}

@article{trigger_perf_2011,
      author         = "Aaij, R and others",
      title          = "{The LHCb Trigger and its Performance in 2011}",
      journal        = "JINST",
      volume         = "8",
      year           = "2013",
      pages          = "P04022",
      doi            = "10.1088/1748-0221/8/04/P04022",
      eprint         = "1211.3055",
      archivePrefix  = "arXiv",
      primaryClass   = "hep-ex",
      SLACcitation   = "%%CITATION = ARXIV:1211.3055;%%"
}

@article{trigger_perf,
      author         = "Albrecht, Johannes and Gligorov, V. V. and Raven, G. and
                        Tolk, S.",
      title          = "{Performance of the LHCb High Level Trigger in 2012}",
      booktitle      = "{Proceedings, 20th International Conference on Computing
                        in High Energy and Nuclear Physics (CHEP 2013): Amsterdam,
                        The Netherlands, October 14-18, 2013}",
      collaboration  = "LHCb HLT project",
      journal        = "J. Phys. Conf. Ser.",
      volume         = "513",
      year           = "2014",
      pages          = "012001",
      doi            = "10.1088/1742-6596/513/1/012001",
      eprint         = "1310.8544",
      archivePrefix  = "arXiv",
      primaryClass   = "hep-ex",
      SLACcitation   = "%%CITATION = ARXIV:1310.8544;%%"
}

@article{muon_id,
      author         = "Archilli, F. and others",
      title          = "{Performance of the Muon Identification at LHCb}",
      journal        = "JINST",
      volume         = "8",
      year           = "2013",
      pages          = "P10020",
      doi            = "10.1088/1748-0221/8/10/P10020",
      eprint         = "1306.0249",
      archivePrefix  = "arXiv",
      primaryClass   = "physics.ins-det",
      reportNumber   = "CERN-LHCB-DP-2013-001, LHCB-DP-2013-001",
      SLACcitation   = "%%CITATION = ARXIV:1306.0249;%%"
}

@article{Cherenkov,
    author = "{Cherenkov, P. A.}",
    journal = "{Doklady Akademii Nauk SSSR}",
    pages = {451+},
    title = "{Visible emission of clean liquids by action of $\gamma$ radiation}",
    volume = {2},
    year = {1934}
}

@article{velo_perf,
      author         = "Aaij, R. and others",
      title          = "{Performance of the LHCb Vertex Locator}",
      journal        = "JINST",
      volume         = "9",
      year           = "2014",
      pages          = "09007",
      doi            = "10.1088/1748-0221/9/09/P09007",
      eprint         = "1405.7808",
      archivePrefix  = "arXiv",
      primaryClass   = "physics.ins-det",
      reportNumber   = "CERN-LHCB-DP-2014-001",
      SLACcitation   = "%%CITATION = ARXIV:1405.7808;%%"
}

@article{lhcb_perf,
      author         = "Aaij, Roel and others",
      title          = "{LHCb Detector Performance}",
      collaboration  = "LHCb",
      journal        = "Int. J. Mod. Phys.",
      volume         = "A30",
      year           = "2015",
      number         = "07",
      pages          = "1530022",
      doi            = "10.1142/S0217751X15300227",
      eprint         = "1412.6352",
      archivePrefix  = "arXiv",
      primaryClass   = "hep-ex",
      reportNumber   = "LHCB-DP-2014-002, CERN-PH-EP-2014-290",
      SLACcitation   = "%%CITATION = ARXIV:1412.6352;%%"
}

@article{hepmc,
      author         = "Dobbs, Matt and Hansen, Jorgen Beck",
      title          = "{The HepMC C++ Monte Carlo event record for High Energy
                        Physics}",
      journal        = "Comput. Phys. Commun.",
      volume         = "134",
      year           = "2001",
      pages          = "41-46",
      doi            = "10.1016/S0010-4655(00)00189-2",
      reportNumber   = "ATL-SOFT-2000-001",
      SLACcitation   = "%%CITATION = CPHCB,134,41;%%"
}

@article{geant4,
title = "Geant4 - a simulation toolkit",
journal = "Nuclear Instruments and Methods in Physics Research Section A: Accelerators, Spectrometers, Detectors and Associated Equipment ",
volume = "506",
number = "3",
pages = "250 - 303",
year = "2003",
note = "",
issn = "0168-9002",
doi = "http://dx.doi.org/10.1016/S0168-9002(03)01368-8",
url = "http://www.sciencedirect.com/science/article/pii/S0168900203013688",
author = "Agostinelli, S. and others",
}

@article{herwig,
      author         = "Bellm, J. and others",
      title          = "{Herwig++ 2.7 Release Note}",
      year           = "2013",
      eprint         = "1310.6877",
      archivePrefix  = "arXiv",
      primaryClass   = "hep-ph",
      reportNumber   = "IPPP-13-88, MCNET-13-15, DCPT-13-176, DESY-13-186,
                        KA-TP-31-2013, --ZU-TH-23-13",
      SLACcitation   = "%%CITATION = ARXIV:1310.6877;%%"
}

@article{photos,
      author="Golonka, P. and Was, Z.",
      title="{PHOTOS Monte Carlo: a precision tool for QED corrections in Z and W decays}",
      journal="The European Physical Journal C - Particles and Fields",
      year="2006",
      volume="45",
      number="1",
      pages="97--107",
      doi="10.1140/epjc/s2005-02396-4",
      url="http://dx.doi.org/10.1140/epjc/s2005-02396-4",
}

@article{gauss,
  author="{Clemencic, M. and others}",
  title="{The LHCb Simulation Application, Gauss: Design, Evolution and Experience}",
  journal="{Journal of Physics: Conference Series}",
  volume={331},
  number={3},
  pages={032023},
  url={http://stacks.iop.org/1742-6596/331/i=3/a=032023},
  year={2011},
}
	
@article{evtgen,
title = "The EvtGen particle decay simulation package ",
journal = "Nuclear Instruments and Methods in Physics Research Section A: Accelerators, Spectrometers, Detectors and Associated Equipment ",
volume = "462",
number = "1â€“2",
pages = "152 - 155",
year = "2001",
note = "BEAUTY2000, Proceedings of the 7th Int. Conf. on B-Physics at Hadron Machines ",
issn = "0168-9002",
doi = "http://dx.doi.org/10.1016/S0168-9002(01)00089-4",
url = "http://www.sciencedirect.com/science/article/pii/S0168900201000894",
author = "David J. Lange",
}

@article{Read:2002hq,
      author         = "Read, Alexander L.",
      title          = "{Presentation of search results: The CL(s) technique}",
      booktitle      = "{Advanced Statistical Techniques in Particle Physics.
                        Proceedings, Conference, Durham, UK, March 18-22, 2002}",
      journal        = "J. Phys.",
      volume         = "G28",
      year           = "2002",
      pages          = "2693-2704",
      doi            = "10.1088/0954-3899/28/10/313",
      SLACcitation   = "%%CITATION = JPAGA,G28,2693;%%"
}

@article{Chatrchyan:2012am,
      author         = "Chatrchyan, Serguei and others",
      title          = "{Search for a light pseudoscalar Higgs boson in the
                        dimuon decay channel in $pp$ collisions at $\sqrt{s}=7$
                        TeV}",
      collaboration  = "CMS",
      journal        = "Phys. Rev. Lett.",
      volume         = "109",
      year           = "2012",
      pages          = "121801",
      doi            = "10.1103/PhysRevLett.109.121801",
      eprint         = "1206.6326",
      archivePrefix  = "arXiv",
      primaryClass   = "hep-ex",
      reportNumber   = "CMS-HIG-12-004, CERN-PH-EP-2012-176",
      SLACcitation   = "%%CITATION = ARXIV:1206.6326;%%"
}

@article{Haisch:2016hzu,
      author         = "Haisch, Ulrich and Kamenik, Jernej F.",
      title          = "{Searching for new spin-0 resonances at LHCb}",
      journal        = "Phys. Rev.",
      volume         = "D93",
      year           = "2016",
      number         = "5",
      pages          = "055047",
      doi            = "10.1103/PhysRevD.93.055047",
      eprint         = "1601.05110",
      archivePrefix  = "arXiv",
      primaryClass   = "hep-ph",
      reportNumber   = "CERN-TH-2016-010",
      SLACcitation   = "%%CITATION = ARXIV:1601.05110;%%"
}

@article{Ilten:2016tkc,
      author         = "Ilten, Philip and Soreq, Yotam and Thaler, Jesse and
                        Williams, Mike and Xue, Wei",
      title          = "{Proposed Inclusive Dark Photon Search at LHCb}",
      journal        = "Phys. Rev. Lett.",
      volume         = "116",
      year           = "2016",
      number         = "25",
      pages          = "251803",
      doi            = "10.1103/PhysRevLett.116.251803",
      eprint         = "1603.08926",
      archivePrefix  = "arXiv",
      primaryClass   = "hep-ph",
      reportNumber   = "MIT-CTP-4785",
      SLACcitation   = "%%CITATION = ARXIV:1603.08926;%%"
}

@article{Hodgkinson:2008jw,
      author         = "Hodgkinson, Robert N.",
      title          = "{Supersymmetric Higgs singlet effects on FCNC
                        observables}",
      booktitle      = "{Proceedings, 16th International Conference on
                        Supersymmetry and the Unification of Fundamental
                        Interactions (SUSY08): Seoul, Korea, June 16-21, 2008}",
      journal        = "AIP Conf. Proc.",
      volume         = "1078",
      year           = "2009",
      pages          = "375-381",
      doi            = "10.1063/1.3051966",
      eprint         = "0810.0034",
      archivePrefix  = "arXiv",
      primaryClass   = "hep-ph",
      reportNumber   = "MAN-HEP-2008-29",
      SLACcitation   = "%%CITATION = ARXIV:0810.0034;%%"
}

@article{PhysRevD.39.844,
  title = "{Higgs bosons in a nonminimal supersymmetric model}",
  author = "{Ellis, J. and Gunion, J. F. and Haber, H. E. and Roszkowski, L. and Zwirner, F.}",
  journal = "{Phys. Rev. D}",
  volume = {39},
  issue = {3},
  pages = {844--869},
  numpages = {0},
  year = {1989},
  month = {Feb},
  publisher = {American Physical Society},
  doi = {10.1103/PhysRevD.39.844},
  url = {http://link.aps.org/doi/10.1103/PhysRevD.39.844}
}

@article{Fayet:1976cr,
      author         = "Fayet, Pierre and Ferrara, S.",
      title          = "{Supersymmetry}",
      journal        = "Phys. Rept.",
      volume         = "32",
      year           = "1977",
      pages          = "249-334",
      doi            = "10.1016/0370-1573(77)90066-7",
      reportNumber   = "LPTENS-76-11",
      SLACcitation   = "%%CITATION = PRPLC,32,249;%%"
}

@article{Straub:2011gt,
      author         = "Straub, David M.",
      title          = "{New Physics Searches in Flavour Physics}",
      booktitle      = "{Proceedings, 25th Rencontres de Physique de la Vallee
                        d'Aoste: La Thuile, Italy, February 27-March 5, 2011}",
      journal        = "Nuovo Cim.",
      volume         = "C035N1",
      year           = "2012",
      pages          = "249-256",
      doi            = "10.1393/ncc/i2012-11132-x",
      eprint         = "1107.0266",
      archivePrefix  = "arXiv",
      primaryClass   = "hep-ph",
      SLACcitation   = "%%CITATION = ARXIV:1107.0266;%%"
}

@article{Buras:2010wr,
      author         = "Buras, Andrzej J.",
      title          = "{Minimal flavour violation and beyond: Towards a flavour
                        code for short distance dynamics}",
      booktitle      = "{Particle physics at the dawn of the LHC: Developments in
                        particle physics from a 50 year perspective of the Cracow
                        school. Proceedings, 50th Cracow School of Theoretical
                        Physics, Zakopane, Poland, June 9-19, 2010}",
      journal        = "Acta Phys. Polon.",
      volume         = "B41",
      year           = "2010",
      pages          = "2487-2561",
      eprint         = "1012.1447",
      archivePrefix  = "arXiv",
      primaryClass   = "hep-ph",
      SLACcitation   = "%%CITATION = ARXIV:1012.1447;%%"
}

@article{Haisch:2012re,
      author         = "Haisch, Ulrich and Mahmoudi, Farvah",
      title          = "{MSSM: Cornered and Correlated}",
      journal        = "JHEP",
      volume         = "01",
      year           = "2013",
      pages          = "061",
      doi            = "10.1007/JHEP01(2013)061",
      eprint         = "1210.7806",
      archivePrefix  = "arXiv",
      primaryClass   = "hep-ph",
      reportNumber   = "CERN-PH-TH-2012-270",
      SLACcitation   = "%%CITATION = ARXIV:1210.7806;%%"
}

@article{Mahmoudi:2012ej,
      author         = "Mahmoudi, Farvah and Hurth, Tobias",
      title          = "{Flavour data constraints on new physics and SuperIso}",
      booktitle      = "{Proceedings, 36th International Conference on High
                        Energy Physics (ICHEP2012): Melbourne, Australia, July
                        4-11, 2012}",
      journal        = "PoS",
      volume         = "ICHEP2012",
      year           = "2013",
      pages          = "324",
      eprint         = "1211.2796",
      archivePrefix  = "arXiv",
      primaryClass   = "hep-ph",
      reportNumber   = "CERN-PH-TH-2012-309, MZ-TH-12-48",
      SLACcitation   = "%%CITATION = ARXIV:1211.2796;%%"
}

@article{Stone:2012yr,
      author         = "Stone, Sheldon",
      title          = "{New physics from flavour}",
      booktitle      = "{Proceedings, 36th International Conference on High
                        Energy Physics (ICHEP2012): Melbourne, Australia, July
                        4-11, 2012}",
      journal        = "PoS",
      volume         = "ICHEP2012",
      year           = "2013",
      pages          = "033",
      eprint         = "1212.6374",
      archivePrefix  = "arXiv",
      reportNumber   = "SU-HEP-1-2012",
      SLACcitation   = "%%CITATION = ARXIV:1212.6374;%%"
}

@article{Rogozhnikov:2014zea,
      author         = "Rogozhnikov, Alex and Bukva, Aleksandar and Gligorov,
                        Vladimir and Ustyuzhanin, Andrey and Williams, Mike",
      title          = "{New approaches for boosting to uniformity}",
      journal        = "JINST",
      volume         = "10",
      year           = "2015",
      number         = "03",
      pages          = "T03002",
      doi            = "10.1088/1748-0221/10/03/T03002",
      eprint         = "1410.4140",
      archivePrefix  = "arXiv",
      primaryClass   = "hep-ex",
      SLACcitation   = "%%CITATION = ARXIV:1410.4140;%%"
}


@article{uBoost,
      author         = "Stevens, Justin and Williams, Mike",
      title          = "{uBoost: A boosting method for producing uniform
                        selection efficiencies from multivariate classifiers}",
      journal        = "JINST",
      volume         = "8",
      year           = "2013",
      pages          = "P12013",
      doi            = "10.1088/1748-0221/8/12/P12013",
      eprint         = "1305.7248",
      archivePrefix  = "arXiv",
      primaryClass   = "nucl-ex",
      SLACcitation   = "%%CITATION = ARXIV:1305.7248;%%"
}

@article{HiddenBoson,
      author         = "Aaij, Roel and others",
      title          = "{Search for hidden-sector bosons in $B^0 \!\to
                        K^{*0}\mu^+\mu^-$ decays}",
      collaboration  = "LHCb",
      journal        = "Phys. Rev. Lett.",
      volume         = "115",
      year           = "2015",
      number         = "16",
      pages          = "161802",
      doi            = "10.1103/PhysRevLett.115.161802",
      eprint         = "1508.04094",
      archivePrefix  = "arXiv",
      primaryClass   = "hep-ex",
      reportNumber   = "CERN-PH-EP-2015-202, LHCB-PAPER-2015-036",
      SLACcitation   = "%%CITATION = ARXIV:1508.04094;%%"
}

@article{Faller:2008zc,
      author         = "Faller, S. and others",
      title          = "{The Golden Modes $B^0\to\Jpsi{K_(S,L)}$ in the Era of Precision Flavour Physics}",
      journal        = "Phys. Rev.",
      volume         = "D79",
      year           = "2009",
      pages          = "014030",
      doi            = "10.1103/PhysRevD.79.014030",
      eprint         = "0809.0842",
      archivePrefix  = "arXiv",
      primaryClass   = "hep-ph",
      reportNumber   = "CERN-PH-TH-2008-166, SI-HEP-2008-12",
      SLACcitation   = "%%CITATION = ARXIV:0809.0842;%%"
}

@article{Aaij:2015mea,
      author         = "Aaij, Roel and others",
      title          = "{Measurement of CP violation parameters and polarisation
                        fractions in $ {\mathrm{B}}_{\mathrm{s}}^0\to
                        \mathrm{J}/\psi {\overline{\mathrm{K}}}^{\ast 0} $
                        decays}",
      collaboration  = "LHCb",
      journal        = "JHEP",
      volume         = "11",
      year           = "2015",
      pages          = "082",
      doi            = "10.1007/JHEP11(2015)082",
      eprint         = "1509.00400",
      archivePrefix  = "arXiv",
      primaryClass   = "hep-ex",
      reportNumber   = "CERN-PH-EP-2015-224, LHCB-PAPER-2015-034",
      SLACcitation   = "%%CITATION = ARXIV:1509.00400;%%"
}

@article{Aaij:2014jyk,
      author         = "Aaij, R. and others",
      title          = "{Study of the kinematic dependences of $\Lambda_{b}^{0}$
                        production in pp collisions and a measurement of the
                        $\Lambda_{b}^{0} \to \Lambda_{c}^{+}$ $\pi^{-}$ branching
                        fraction}",
      collaboration  = "LHCb",
      journal        = "JHEP",
      volume         = "08",
      year           = "2014",
      pages          = "143",
      doi            = "10.1007/JHEP08(2014)143",
      eprint         = "1405.6842",
      archivePrefix  = "arXiv",
      primaryClass   = "hep-ex",
      reportNumber   = "CERN-PH-EP-2014-106, LHCB-PAPER-2014-004",
      SLACcitation   = "%%CITATION = ARXIV:1405.6842;%%"
}

@unpublished{LHCb-CONF-2013-011,
      title         = "{Updated average $f_s/f_d$ $b$-hadron production fraction
                       ratio for 7 TeV $pp$ collisions}",
      collaboration = "LHCb",
      month         = "Jul",
      year          = "2013",
      reportNumber  = "LHCb-CONF-2013-011",
      note          = "LHCb-CONF-2013-011",
      url           = "http://cds.cern.ch/record/1559262",
}

@article{Aaij:2010gn,
      author         = "Aaij, R. and others",
      title          = "{Measurement of $\sigma(pp \to b \bar{b} X)$ at
                        $\sqrt{s}=7~\rm{TeV}$ in the forward region}",
      collaboration  = "LHCb",
      journal        = "Phys. Lett.",
      volume         = "B694",
      year           = "2010",
      pages          = "209-216",
      doi            = "10.1016/j.physletb.2010.10.010",
      eprint         = "1009.2731",
      archivePrefix  = "arXiv",
      primaryClass   = "hep-ex",
      reportNumber   = "CERN-PH-EP-2010-029, LHCb-PAPER-2010-002",
      SLACcitation   = "%%CITATION = ARXIV:1009.2731;%%"
}


@article{TMVA, 
author	=	"Hoecker, Andreas and Speckmayer, Peter and Stelzer, Joerg and Therhaag, Jan and von Toerne, Eckhard and Voss, Helge",
title	 = 	"{TMVA: Toolkit for Multivariate Data Analysis}",
journal	 = 	"PoS",
volume	 = 	"ACAT",
year	 = 	"2007",
pages	 = 	"040",
eprint	 = 	"physics/0703039",
archivePrefix	 = 	"arXiv",
SLACcitation	 = 	"%%CITATION = PHYSICS/0703039;%%"
}

@article{LHC-Machine,
  author="{Lyndon Evans and Philip Bryant}",
  title="{LHC Machine}",
  journal="{Journal of Instrumentation}",
  volume={3},
  number={08},
  pages={S08001},
  url={http://stacks.iop.org/1748-0221/3/i=08/a=S08001},
  year={2008},
}

@article{CKMFitter1,
      author         = "Charles, J. and Hocker, Andreas and Lacker, H. and
                        Laplace, S. and Le Diberder, F. R. and Malcles, J. and
                        Ocariz, J. and Pivk, M. and Roos, L.",
      title          = "{CP violation and the CKM matrix: Assessing the impact of
                        the asymmetric $B$ factories}",
      collaboration  = "CKMfitter Group",
      journal        = "Eur. Phys. J.",
      volume         = "C41",
      year           = "2005",
      pages          = "1-131",
      doi            = "10.1140/epjc/s2005-02169-1",
      eprint         = "hep-ph/0406184",
      archivePrefix  = "arXiv",
      primaryClass   = "hep-ph",
      reportNumber   = "CPT-2004-P-030, LAL-04-21, LAPP-EXP-2004-01,
                        LPNHE-2004-01",
      SLACcitation   = "%%CITATION = HEP-PH/0406184;%%"
}

@article{Baryogenesis2,
  author="{Andrei D. Sakharov}",
  title="{Violation of CP invariance, C asymmetry, and baryon asymmetry of the universe}",
  journal={Soviet Physics Uspekhi},
  volume={34},
  number={5},
  pages={392},
  url={http://stacks.iop.org/0038-5670/34/i=5/a=A08},
  year={1991},
  abstract={}
}
	
@article{JINSTLHCb,
  author="{The LHCb Collaboration}",
  title="{The LHCb Detector at the LHC}",
  journal="{Journal of Instrumentation}",
  volume={3},
  number={08},
  pages={S08005},
  url={http://stacks.iop.org/1748-0221/3/i=08/a=S08005},
  year={2008},
}

@unpublished{CERNLayout,
      author        = "Christiane LefÃ¨vre",
      title         = "{The CERN accelerator complex. Complexe des
                       accÃ©lÃ©rateurs du CERN}",
      month         = "Dec",
      year          = "2008",
      reportNumber  = "CERN-DI-0812015",
      url           = "https://cds.cern.ch/record/1260465",
}


@article{atlas,
  author="{The ATLAS Collaboration}",
  title="{The ATLAS Experiment at the CERN Large Hadron Collider}",
  journal="{Journal of Instrumentation}",
  volume={3},
  number={08},
  pages={S08003},
  url={http://stacks.iop.org/1748-0221/3/i=08/a=S08003},
  year={2008},
}
	
@article{cms,
  author="{The CMS Collaboration}",
  title="{The CMS experiment at the CERN LHC}",
  journal="{Journal of Instrumentation}",
  volume={3},
  number={08},
  pages={S08004},
  url={http://stacks.iop.org/1748-0221/3/i=08/a=S08004},
  year={2008},
}

@article{totem,
  author="{The TOTEM Collaboration}",
  title="{The TOTEM Experiment at the CERN Large Hadron Collider}",
  journal="{Journal of Instrumentation}",
  volume={3},
  number={08},
  pages={S08007},
  url={http://stacks.iop.org/1748-0221/3/i=08/a=S08007},
  year={2008},
}
	
@article{alice,
  author="{The ALICE Collaboration}",
  title="{The ALICE experiment at the CERN LHC}",
  journal="{Journal of Instrumentation}",
  volume={3},
  number={08},
  pages={S08002},
  url={http://stacks.iop.org/1748-0221/3/i=08/a=S08002},
  year={2008},
}
	
@article{lhcf,
  author="{The LHCf Collaboration}",
  title="{The LHCf detector at the CERN Large Hadron Collider}",
  journal="{Journal of Instrumentation}",
  volume={3},
  number={08},
  pages={S08006},
  url={http://stacks.iop.org/1748-0221/3/i=08/a=S08006},
  year={2008},
}
	
@techreport{moedal,
      author        = "Pinfold, James and Soluk, R and Yao, Y and Cecchini, S and
                       Giacomelli, G and Giorgini, M and Patrizii, L and Sirri, G
                       and LacarrÃ¨re, D H and Kinoshita, K and Jakubek, J and
                       Platkevic, M and PospÃ­sil, S and Vykydal, Z and Hott, T
                       and Houdayer, A and Leroy, Claude and Swain, J and Felea, D
                       and Hasegan, D and Pavalas, G E and Popa, V",
      title         = "{Technical Design Report of the MoEDAL Experiment}",
      collaboration = "MoEDAL Collaboration",
      number        = "CERN-LHCC-2009-006. MoEDAL-TDR-001",
      month         = "Jun",
      year          = "2009",
      reportNumber  = "CERN-LHCC-2009-006",
      url           = "https://cds.cern.ch/record/1181486",
}

@article{higgsAtlas,
      author         = "Aad, Georges and others",
      title          = "{Observation of a new particle in the search for the
                        Standard Model Higgs boson with the ATLAS detector at the
                        LHC}",
      collaboration  = "ATLAS",
      journal        = "Phys. Lett.",
      volume         = "B716",
      year           = "2012",
      pages          = "1-29",
      doi            = "10.1016/j.physletb.2012.08.020",
      eprint         = "1207.7214",
      archivePrefix  = "arXiv",
      primaryClass   = "hep-ex",
      reportNumber   = "CERN-PH-EP-2012-218",
      SLACcitation   = "%%CITATION = ARXIV:1207.7214;%%"
}

@article{higgsCMS,
      author         = "Chatrchyan, Serguei and others",
      title          = "{Observation of a new boson at a mass of 125 GeV with the
                        CMS experiment at the LHC}",
      collaboration  = "CMS",
      journal        = "Phys. Lett.",
      volume         = "B716",
      year           = "2012",
      pages          = "30-61",
      doi            = "10.1016/j.physletb.2012.08.021",
      eprint         = "1207.7235",
      archivePrefix  = "arXiv",
      primaryClass   = "hep-ex",
      reportNumber   = "CMS-HIG-12-028, CERN-PH-EP-2012-220",
      SLACcitation   = "%%CITATION = ARXIV:1207.7235;%%"
}

@article{tetraquark2,
      author         = "Aaij, Roel and others",
      title          = "{Observation of the resonant character of the $Z(4430)^-$
                        state}",
      collaboration  = "LHCb",
      journal        = "Phys. Rev. Lett.",
      volume         = "112",
      year           = "2014",
      number         = "22",
      pages          = "222002",
      doi            = "10.1103/PhysRevLett.112.222002",
      eprint         = "1404.1903",
      archivePrefix  = "arXiv",
      primaryClass   = "hep-ex",
      reportNumber   = "LHCB-PAPER-2014-014, CERN-PH-EP-2014-061",
      SLACcitation   = "%%CITATION = ARXIV:1404.1903;%%"
}

@article{pentaquark,
      author         = "Aaij, Roel and others",
      title          = "{Observation of $J/\psi p$ Resonances Consistent with
                        Pentaquark States in $\Lambda_b^0 \to J/\psi K^- p$
                        Decays}",
      collaboration  = "LHCb",
      journal        = "Phys. Rev. Lett.",
      volume         = "115",
      year           = "2015",
      pages          = "072001",
      doi            = "10.1103/PhysRevLett.115.072001",
      eprint         = "1507.03414",
      archivePrefix  = "arXiv",
      primaryClass   = "hep-ex",
      reportNumber   = "CERN-PH-EP-2015-153, LHCB-PAPER-2015-029",
      SLACcitation   = "%%CITATION = ARXIV:1507.03414;%%"
}

@article{pPb1,
      author         = "Aaij, Roel and others",
      title          = "{Measurements of long-range near-side angular
                        correlations in $\sqrt{s_{NN}}=5~\mathrm{TeV}$ proton-lead
                        collisions in the forward region}",
      collaboration  = "LHCb",
      year           = "2015",
      eprint         = "1512.00439",
      archivePrefix  = "arXiv",
      primaryClass   = "nucl-ex",
      reportNumber   = "LHCB-PAPER-2015-040, CERN-PH-EP-2015-308",
      SLACcitation   = "%%CITATION = ARXIV:1512.00439;%%"
}

@article{pPb2,
      author         = "Aaij, R. and others",
      title          = "{Observation of $Z$ production in proton-lead collisions
                        at LHCb}",
      collaboration  = "LHCb",
      journal        = "JHEP",
      volume         = "09",
      year           = "2014",
      pages          = "030",
      doi            = "10.1007/JHEP09(2014)030",
      eprint         = "1406.2885",
      archivePrefix  = "arXiv",
      primaryClass   = "hep-ex",
      reportNumber   = "CERN-PH-EP-2014-126, LHCB-PAPER-2014-022",
      SLACcitation   = "%%CITATION = ARXIV:1406.2885;%%"
}

@article{pPb3,
      author         = "Aaij, R and others",
      title          = "{Study of $J/\psi$ production and cold nuclear matter
                        effects in $pPb$ collisions at $\sqrt{s_{NN}} = 5$ TeV}",
      collaboration  = "LHCb",
      journal        = "JHEP",
      volume         = "02",
      year           = "2014",
      pages          = "072",
      doi            = "10.1007/JHEP02(2014)072",
      eprint         = "1308.6729",
      archivePrefix  = "arXiv",
      primaryClass   = "nucl-ex",
      reportNumber   = "CERN-PH-EP-2013-156, LHCB-PAPER-2013-052",
      SLACcitation   = "%%CITATION = ARXIV:1308.6729;%%"
}

@article{pPb4,
      author         = "Aaij, Roel and others",
      title          = "{Study of $\Upsilon$ production and cold nuclear matter
                        effects in $p$Pb collisions at $\sqrt{s_{NN}}$=5 TeV}",
      collaboration  = "LHCb",
      journal        = "JHEP",
      volume         = "07",
      year           = "2014",
      pages          = "094",
      doi            = "10.1007/JHEP07(2014)094",
      eprint         = "1405.5152",
      archivePrefix  = "arXiv",
      primaryClass   = "nucl-ex",
      reportNumber   = "LHCB-PAPER-2014-015, CERN-PH-EP-2014-102",
      SLACcitation   = "%%CITATION = ARXIV:1405.5152;%%"
}

@article{pPb5,
      author         = "Aaij, Roel and others",
      title          = "{Study of $\psi(2S)$ production and cold nuclear matter
                        effects in pPb collisions at
                        $\sqrt{s_{NN}}=5~\mathrm{TeV}$}",
      collaboration  = "LHCb",
      journal        = "JHEP",
      volume         = "03",
      year           = "2016",
      pages          = "133",
      doi            = "10.1007/JHEP03(2016)133",
      eprint         = "1601.07878",
      archivePrefix  = "arXiv",
      primaryClass   = "nucl-ex",
      reportNumber   = "LHCB-PAPER-2015-058, CERN-EP-2016-011",
      SLACcitation   = "%%CITATION = ARXIV:1601.07878;%%"
}

@article{bsmumu,
      author         = "Khachatryan, Vardan and others",
      title          = "{Observation of the rare $B^0_s\to\mu^+\mu^-$ decay from
                        the combined analysis of CMS and LHCb data}",
      collaboration  = "LHCb, CMS",
      journal        = "Nature",
      volume         = "522",
      year           = "2015",
      pages          = "68-72",
      doi            = "10.1038/nature14474",
      eprint         = "1411.4413",
      archivePrefix  = "arXiv",
      primaryClass   = "hep-ex",
      reportNumber   = "CERN-PH-EP-2014-220, CMS-BPH-13-007, LHCB-PAPER-2014-049",
      SLACcitation   = "%%CITATION = ARXIV:1411.4413;%%"
}

@article{pythia8,
      author         = "SjÃ¶strand, TorbjÃ¶rn and others",
      title          = "{An Introduction to PYTHIA 8.2}",
      journal        = "Comput. Phys. Commun.",
      volume         = "191",
      year           = "2015",
      pages          = "159-177",
      doi            = "10.1016/j.cpc.2015.01.024",
      eprint         = "1410.3012",
      archivePrefix  = "arXiv",
      primaryClass   = "hep-ph",
      reportNumber   = "LU-TP-14-36, MCNET-14-22, CERN-PH-TH-2014-190,
                        FERMILAB-PUB-14-316-CD, DESY-14-178, SLAC-PUB-16122",
      SLACcitation   = "%%CITATION = ARXIV:1410.3012;%%"
}

@article{CTEQ6,
      author         = "Pumplin, J. and Stump, D. R. and Huston, J. and Lai, H.
                        L. and Nadolsky, Pavel M. and Tung, W. K.",
      title          = "{New generation of parton distributions with
                        uncertainties from global QCD analysis}",
      journal        = "JHEP",
      volume         = "07",
      year           = "2002",
      pages          = "012",
      doi            = "10.1088/1126-6708/2002/07/012",
      eprint         = "hep-ph/0201195",
      archivePrefix  = "arXiv",
      primaryClass   = "hep-ph",
      reportNumber   = "MSU-HEP-011101",
      SLACcitation   = "%%CITATION = HEP-PH/0201195;%%"
}

@unpublished{LHCblayout,
      author        = "Lindner, Rolf",
      title         = "{LHCb layout\_2. LHCb schema\_2}",
      month         = "Feb",
      year          = "2008",
      reportNumber  = "LHCb-PHO-GENE-2008-002",
      url           = "http://cds.cern.ch/record/1087860",
      note          = "LHCb Collection.",
}

@article{cabibbo,
      author        = "Cabibbo, Nicola",
      title         = "{Unitary symmetry and leptonic decays}",
      journal       = "Phys. Rev. Lett.",
      number        = "CERN-TH-342",
      volume        = "10",
      pages         = "531-533",
      year          = "1963",
      url           = "https://cds.cern.ch/record/344106",
}

@article{kobayashi,
      author        = "Kobayashi, M and Maskawa, Toshihide",
      title         = "{CP-Violation in the renormalizable theory of weak
                       interaction}",
      journal       = "Prog. Theor. Phys.",
      volume        = "49",
      pages         = "652-657",
      year          = "1973",
      url           = "https://cds.cern.ch/record/1117037",
}

@article{fitch,
  title = "{Evidence for the $2\ensuremath{\pi}$ Decay of the $K_{2}^{0}$ Meson}",
  author = "{Christenson, J. H. and Cronin, J. W. and Fitch, V. L. and Turlay, R.}",
  journal = "{Phys. Rev. Lett.}",
  volume = {13},
  issue = {4},
  pages = {138--140},
  numpages = {0},
  year = {1964},
  month = {Jul},
  publisher = {American Physical Society},
  doi = {10.1103/PhysRevLett.13.138},
  url = {http://link.aps.org/doi/10.1103/PhysRevLett.13.138}
}

@article{glashow,
title = "Partial-symmetries of weak interactions",
journal = "Nuclear Physics",
volume = "22",
number = "4",
pages = "579 - 588",
year = "1961",
issn = "0029-5582",
doi = "http://dx.doi.org/10.1016/0029-5582(61)90469-2",
url = "http://www.sciencedirect.com/science/article/pii/0029558261904692",
author = "Sheldon L. Glashow",
}

@article{salam,
      author         = "Salam, Abdus",
      title          = "{Weak and Electromagnetic Interactions}",
      booktitle      = "{8th Nobel Symposium Lerum, Sweden, May 19-25, 1968}",
      journal        = "Conf. Proc.",
      volume         = "C680519",
      year           = "1968",
      pages          = "367-377",
      SLACcitation   = "%%CITATION = CONFP,C680519,367;%%"
}

@article{weinberg,
  title = "{A Model of Leptons}",
  author = "{Weinberg, Steven}",
  journal = "{Phys. Rev. Lett.}",
  volume = {19},
  issue = {21},
  pages = {1264--1266},
  numpages = {0},
  year = {1967},
  month = {Nov},
  publisher = {American Physical Society},
  doi = {10.1103/PhysRevLett.19.1264},
  url = {http://link.aps.org/doi/10.1103/PhysRevLett.19.1264}
}

@article{CKMfitter,
  title = "{Predictions of selected flavor observables within the standard model}",
  author = "{Charles, J. and others}",
  collaboration = "{The CKMfitter Group}",
  journal = "{Phys. Rev. D}",
  volume = {84},
  issue = {3},
  pages = {033005},
  numpages = {8},
  year = {2011},
  month = {Aug},
  publisher = {American Physical Society},
  doi = {10.1103/PhysRevD.84.033005},
  url = {http://link.aps.org/doi/10.1103/PhysRevD.84.033005}
}

@article{wolfenstein,
  title = "{Parametrization of the Kobayashi-Maskawa Matrix}",
  author = "{Wolfenstein, L.}",
  journal = "{Phys. Rev. Lett.}",
  volume = {51},
  issue = {21},
  pages = {1945--1947},
  numpages = {0},
  year = {1983},
  month = {Nov},
  publisher = {American Physical Society},
  doi = {10.1103/PhysRevLett.51.1945},
  url = {http://link.aps.org/doi/10.1103/PhysRevLett.51.1945}
}

@article{roadmapKey,
      author         = "Adeva, B. and others",
      title          = "{Roadmap for selected key measurements of LHCb}",
      collaboration  = "LHCb",
      year           = "2009",
      eprint         = "0912.4179",
      archivePrefix  = "arXiv",
      primaryClass   = "hep-ex",
      reportNumber   = "LHCB-PUB-2009-029",
      SLACcitation   = "%%CITATION = ARXIV:0912.4179;%%"
}

@article{jpsiphi1,
      author         = "Aaij, Roel and others",
      title          = "{Precision measurement of $CP$ violation in $B_s^0 \to
                        J/\psi K^+K^-$ decays}",
      collaboration  = "LHCb",
      journal        = "Phys. Rev. Lett.",
      volume         = "114",
      year           = "2015",
      number         = "4",
      pages          = "041801",
      doi            = "10.1103/PhysRevLett.114.041801",
      eprint         = "1411.3104",
      archivePrefix  = "arXiv",
      primaryClass   = "hep-ex",
      reportNumber   = "LHCB-PAPER-2014-059, CERN-PH-EP-2014-271,
                        LHCB-PAPER-2014-059-AND-CERN-PH-EP-2014-271",
      SLACcitation   = "%%CITATION = ARXIV:1411.3104;%%"
}

@article{jpsiphi2,
      author         = "Fleischer, Robert",
      title          = "{Extracting CKM phases from angular distributions of
                        B(d,s) decays into admixtures of CP eigenstates}",
      journal        = "Phys. Rev.",
      volume         = "D60",
      year           = "1999",
      pages          = "073008",
      doi            = "10.1103/PhysRevD.60.073008",
      eprint         = "hep-ph/9903540",
      archivePrefix  = "arXiv",
      primaryClass   = "hep-ph",
      reportNumber   = "CERN-TH-99-92",
      SLACcitation   = "%%CITATION = HEP-PH/9903540;%%"
}

@article{peng1,
      author         = "De Bruyn, Kristof and Fleischer, Robert",
      title          = "{A Roadmap to Control Penguin Effects in $B^0_d\to J/\psi
                        K_{\rm S}^0$ and $B^0_s\to J/\psi \phi$}",
      journal        = "JHEP",
      volume         = "03",
      year           = "2015",
      pages          = "145",
      doi            = "10.1007/JHEP03(2015)145",
      eprint         = "1412.6834",
      archivePrefix  = "arXiv",
      primaryClass   = "hep-ph",
      reportNumber   = "NIKHEF-2014-031",
      SLACcitation   = "%%CITATION = ARXIV:1412.6834;%%"
}

@article{peng2,
      author         = "Faller, Sven and Fleischer, Robert and Mannel, Thomas",
      title          = "{Precision Physics with $B^0_s \to J/\psi \phi$ at the
                        LHC: The Quest for New Physics}",
      journal        = "Phys. Rev.",
      volume         = "D79",
      year           = "2009",
      pages          = "014005",
      doi            = "10.1103/PhysRevD.79.014005",
      eprint         = "0810.4248",
      archivePrefix  = "arXiv",
      primaryClass   = "hep-ph",
      reportNumber   = "CERN-PH-TH-2008-167",
      SLACcitation   = "%%CITATION = ARXIV:0810.4248;%%"
}

@article{peng3,
      author         = "Fleischer, Robert",
      title          = "{In Pursuit of New Physics in the $B$ System}",
      booktitle      = "{Proceedings, 1st Workshop on Theory, Phenomenology and
                        Experiment in Heavy Flavour Physics: Anacapri, Capri,
                        Italy, May 29-31, 2006}",
      journal        = "Nucl. Phys. Proc. Suppl.",
      volume         = "163",
      year           = "2007",
      pages          = "171-176",
      doi            = "10.1016/j.nuclphysbps.2006.09.007",
      eprint         = "hep-ph/0607241",
      archivePrefix  = "arXiv",
      primaryClass   = "hep-ph",
      reportNumber   = "CERN-PH-TH-2006-139",
      SLACcitation   = "%%CITATION = HEP-PH/0607241;%%"
}

@article{peng4,
      author         = "Liu, Xin and Wang, Wei and Xie, Yuehong",
      title          = "{Penguin pollution in $B\to J/\psi V$ decays and impact
                        on the extraction of the $B_s-\bar B_s$ mixing phase}",
      journal        = "Phys. Rev.",
      volume         = "D89",
      year           = "2014",
      number         = "9",
      pages          = "094010",
      doi            = "10.1103/PhysRevD.89.094010",
      eprint         = "1309.0313",
      archivePrefix  = "arXiv",
      primaryClass   = "hep-ph",
      SLACcitation   = "%%CITATION = ARXIV:1309.0313;%%"
}

@article{pengQCD,
      author         = "Frings, Philipp and Nierste, Ulrich and Wiebusch, Martin",
      title          = "{Penguin contributions to CP phases in $B_{d,s}$ decays
                        to charmonium}",
      journal        = "Phys. Rev. Lett.",
      volume         = "115",
      year           = "2015",
      number         = "6",
      pages          = "061802",
      doi            = "10.1103/PhysRevLett.115.061802",
      eprint         = "1503.00859",
      archivePrefix  = "arXiv",
      primaryClass   = "hep-ph",
      reportNumber   = "TTP15-006",
      SLACcitation   = "%%CITATION = ARXIV:1503.00859;%%"
}

@article{PhysRev.104.254,
  title = "{Question of Parity Conservation in Weak Interactions}",
  author = "{Lee, T. D. and Yang, C. N.}",
  journal = {Phys. Rev.},
  volume = {104},
  issue = {1},
  pages = {254--258},
  numpages = {0},
  year = {1956},
  month = {Oct},
  publisher = {American Physical Society},
  doi = {10.1103/PhysRev.104.254},
  url = {http://link.aps.org/doi/10.1103/PhysRev.104.254}
}

@article{PhysRev.105.1413,
  title = "{Experimental Test of Parity Conservation in Beta Decay}",
  author = "{Wu, C. S. and Ambler, E. and Hayward, R. W. and Hoppes, D. D. and Hudson, R. P.}",
  journal = {Phys. Rev.},
  volume = {105},
  issue = {4},
  pages = {1413--1415},
  numpages = {0},
  year = {1957},
  month = {Feb},
  publisher = {American Physical Society},
  doi = {10.1103/PhysRev.105.1413},
  url = {http://link.aps.org/doi/10.1103/PhysRev.105.1413}
}

@article{lass,
      author         = "Aston, D. and others",
      title          = "{A Study of $K^-\pi^+$ Scattering in the Reaction $K^-p {\to} K^-\pi^+n$ at 11 \gevc}",
      journal        = "Nucl. Phys.",
      volume         = "B296",
      year           = "1988",
      pages          = "493-526",
      doi            = "10.1016/0550-3213(88)90028-4",
      reportNumber   = "SLAC-PUB-4260, DPNU-87-25",
      SLACcitation   = "%%CITATION = NUPHA,B296,493;%%"
}

