%%%%% Books

@book{Bambi:2062576,
      author        = "Bambi, Cosimo and Dolgov, Alexandre D",
      title         = "{Introduction to particle cosmology: the standard model of
                       cosmology and its open problems}",
      publisher     = "Springer",
      address       = "Berlin",
      series        = "Unitext for physics",
      year          = "2016",
      url           = "https://cds.cern.ch/record/2062576",
}

@book{computingtdr,
      author        = "Antunes-Nobrega, R. and others",
      title         = "{LHCb computing: Technical Design Report}",
      publisher     = "CERN",
      collaboration = "LHCb Collaboration",
      address       = "Geneva",
      series        = "Technical Design Report LHCb",
      year          = "2005",
      url           = "https://cds.cern.ch/record/835156",
}

@book{5873949, 
      author={Belyaev, I. and others}, 
      booktitle="{IEEE Nuclear Science Symposuim Medical Imaging Conference}", 
      title="{Handling of the generation of primary events in Gauss, the LHCb simulation framework}", 
      year={2010}, 
      pages={1155-1161}, 
      %doi={10.1109/NSSMIC.2010.5873949}, 
      ISSN={1082-3654}, 
      month={Oct},
}

@book{triggertdr,
      author        = "Antunes-Nobrega, R. and others",
      title         = "{LHCb trigger system: Technical Design Report}",
      publisher     = "CERN",
      collaboration = "LHCb Collaboration",
      address       = "Geneva",
      series        = "Technical Design Report LHCb",
      year          = "2003",
      url           = "https://cds.cern.ch/record/630828",
}

@book{muontdr,
      author        = "Barbosa-Marinho, P. R. and others.",
      title         = "{LHCb muon system: Technical Design Report}",
      publisher     = "CERN",
      collaboration = "LHCb Collaboration",
      address       = "Geneva",
      series        = "Technical Design Report LHCb",
      year          = "2001",
      url           = "https://cds.cern.ch/record/504326",
}

@book{calotdr,
      author        = "Amato, S. and others",
      title         = "{LHCb calorimeters: Technical Design Report}",
      publisher     = "CERN",
      collaboration = "LHCb Collaboration",
      address       = "Geneva",
      series        = "Technical Design Report LHCb",
      year          = "2000",
      url           = "https://cds.cern.ch/record/494264",
}

@book{RICHtdr,
      author        = "Amato, S. and others",
      title         = "{LHCb RICH: Technical Design Report}",
      publisher     = "CERN",
      collaboration = "LHCb Collaboration",
      address       = "Geneva",
      series        = "Technical Design Report LHCb",
      year          = "2000",
      url           = "https://cds.cern.ch/record/494263",
}

@book{gridtdr,
      author        = "Eck, C. and others",
      title         = "{LHC computing Grid: Technical Design Report}",
      publisher     = "CERN",
      address       = "Geneva",
      series        = "Technical Design Report LCG",
      year          = "2005",
      url           = "https://cds.cern.ch/record/840543",
}

@book{onlinetdr,
      author        = "Barbosa-Marinho, P. R. and others",
      title         = "{LHCb online system, data acquisition and experiment
                       control: Technical Design Report}",
      publisher     = "CERN",
      collaboration = "LHCb Collaboration",
      address       = "Geneva",
      series        = "Technical Design Report LHCb",
      year          = "2001",
      url           = "https://cds.cern.ch/record/545306",
}

@book{ITtdr,
      author        = "Barbosa-Marinho, P. R. and others",
      title         = "{LHCb inner tracker: Technical Design Report}",
      publisher     = "CERN",
      collaboration = "LHCb Collaboration",
      address       = "Geneva",
      series        = "Technical Design Report LHCb",
      year          = "2002",
      url           = "https://cds.cern.ch/record/582793",
}

@book{TTtdr,
      author        = "Antunes-Nobrega, R. and others",
      title         = "{LHCb reoptimized detector design and performance:
                       Technical Design Report}",
      publisher     = "CERN",
      collaboration = "LHCb Collaboration",
      address       = "Geneva",
      series        = "Technical Design Report LHCb",
      year          = "2003",
      url           = "https://cds.cern.ch/record/630827",
}

@book{OTtdr,
      author        = "Barbosa-Marinho, P. R. and others",
      title         = "{LHCb outer tracker: Technical Design Report}",
      publisher     = "CERN",
      collaboration = "LHCb Collaboration",
      address       = "Geneva",
      series        = "Technical Design Report LHCb",
      year          = "2001",
      url           = "https://cds.cern.ch/record/519146",
}

@book{griffiths,
      author        = "Griffiths, David J",
      title         = "{Introduction to elementary particles; 2nd rev. version}",
      publisher     = "Wiley",
      address       = "New York, NY",
      series        = "Physics textbook",
      year          = "2008",
      url           = "https://cds.cern.ch/record/111880",
}

@book{magnet,
      author        = "Amato, Sandra and others",
      title         = "{LHCb magnet: Technical Design Report}",
      publisher     = "CERN",
      collaboration = "LHCb Collaboration",
      address       = "Geneva",
      series        = "Technical Design Report LHCb",
      year          = "2000",
      url           = "https://cds.cern.ch/record/424338",
}



@book{DesignReport,
      author        = "Br√ºning, Oliver Sim and Collier, Paul and Lebrun, P and
                       Myers, Stephen and Ostojic, Ranko and Poole, John and
                       Proudlock, Paul",
      title         = "{LHC Design Report}",
      publisher     = "CERN",
      address       = "Geneva",
      year          = "2004",
      url           = "http://cds.cern.ch/record/815187",
}
	

@book{velotdr,
      author        = "Barbosa-Marinho and others",
      title         = "{LHCb VELO (VErtex LOcator): Technical Design Report}",
      publisher     = "CERN",
      collaboration = "LHCb Collaboration",
      address       = "Geneva",
      series        = "Technical Design Report LHCb",
      year          = "2001",
      url           = "https://cds.cern.ch/record/504321",
}

