% Correct Bibtex entries are best obtained by cut-and-paste from 
% Spires or Inspire. 
% - They might still need some editing of Latex symbols in 
%   the titles. 
% - Page ranges should in many cases be shortened to just 
%   having the start page.
% - Collaborations might need to be added or indeed just the word 
%   "collaboration" put after them.

% Below are a set of standard references to use for LHCb.
%%%%%%%%%%%%%%% INTRODUCTION %%%%%%%%%%%%%%%%%
@article{PDG,
      author         = "Patrignani, C. and others",
      title          = "{Review of Particle Physics}",
      collaboration  = "Particle Data Group",
      journal        = "Chin. Phys.",
      volume         = "C40",
      year           = "2016",
      number         = "10",
      pages          = "100001",
      doi            = "10.1088/1674-1137/40/10/100001",
      SLACcitation   = "%%CITATION = CHPHD,C40,100001;%%"
}

@article{Higgs,
  title = {Broken Symmetries and the Masses of Gauge Bosons},
  author = {Higgs, Peter W.},
  journal = {Phys. Rev. Lett.},
  volume = {13},
  issue = {16},
  pages = {508--509},
  numpages = {0},
  year = {1964},
  month = {Oct},
  publisher = {American Physical Society},
  doi = {10.1103/PhysRevLett.13.508},
  url = {https://link.aps.org/doi/10.1103/PhysRevLett.13.508}
}

@article{ATLASHiggs,
      author         = "Aad, Georges and others",
      title          = "{Observation of a new particle in the search for the
                        Standard Model Higgs boson with the ATLAS detector at the
                        LHC}",
      collaboration  = "ATLAS",
      journal        = "Phys. Lett.",
      volume         = "B716",
      year           = "2012",
      pages          = "1-29",
      doi            = "10.1016/j.physletb.2012.08.020",
      eprint         = "1207.7214",
      archivePrefix  = "arXiv",
      primaryClass   = "hep-ex",
      reportNumber   = "CERN-PH-EP-2012-218",
      SLACcitation   = "%%CITATION = ARXIV:1207.7214;%%"
}

@article{CMSHiggs,
      author         = "Chatrchyan, Serguei and others",
      title          = "{Observation of a new boson at a mass of 125 GeV with the
                        CMS experiment at the LHC}",
      collaboration  = "CMS",
      journal        = "Phys. Lett.",
      volume         = "B716",
      year           = "2012",
      pages          = "30-61",
      doi            = "10.1016/j.physletb.2012.08.021",
      eprint         = "1207.7235",
      archivePrefix  = "arXiv",
      primaryClass   = "hep-ex",
      reportNumber   = "CMS-HIG-12-028, CERN-PH-EP-2012-220",
      SLACcitation   = "%%CITATION = ARXIV:1207.7235;%%"
}

@article{ParticleContent,
      author         = "Drewes, Marco",
      title          = "{The Phenomenology of Right Handed Neutrinos}",
      journal        = "Int. J. Mod. Phys.",
      volume         = "E22",
      year           = "2013",
      pages          = "1330019",
      doi            = "10.1142/S0218301313300191",
      eprint         = "1303.6912",
      archivePrefix  = "arXiv",
      primaryClass   = "hep-ph",
      reportNumber   = "TUM-HEP-881-13",
      SLACcitation   = "%%CITATION = ARXIV:1303.6912;%%"
}


%%% CHECK!
@inproceedings{CKM, 
      author         = "P. Kooijman and N. Tuning",
      title          = "{Lectures on CP Violation}",
      year           = "2015"
}

@inproceedings{Baryogenesis,
      author         = "Cline, James M.",
      title          = "{Baryogenesis}",
      booktitle      = "{Les Houches Summer School - Session 86: Particle Physics
                        and Cosmology: The Fabric of Spacetime Les Houches,
                        France, July 31-August 25, 2006}",
      year           = "2006",
      eprint         = "hep-ph/0609145",
      archivePrefix  = "arXiv",
      primaryClass   = "hep-ph",
      SLACcitation   = "%%CITATION = HEP-PH/0609145;%%"
}
@article{Lenz:2013iha,
      author         = "Lenz, Alexander",
      title          = "{Constraints on a fourth generation of fermions from
                        Higgs Boson searches}",
      journal        = "Adv. High Energy Phys.",
      volume         = "2013",
      year           = "2013",
      pages          = "910275",
      doi            = "10.1155/2013/910275",
      SLACcitation   = "%%CITATION = 00642,2013,910275;%%"
}


@article{LHM,
      author         = "Sanz, Veronica and Setford, Jack",
      title          = "{Composite Higgs Models after Run 2}",
      journal        = "Adv. High Energy Phys.",
      volume         = "2018",
      year           = "2018",
      pages          = "7168480",
      doi            = "10.1155/2018/7168480",
      eprint         = "1703.10190",
      archivePrefix  = "arXiv",
      primaryClass   = "hep-ph",
      SLACcitation   = "%%CITATION = ARXIV:1703.10190;%%"
}

@article{DM1,
      author         = "Vogt, Nicole P. and Haynes, Martha P. and Herter, Terry
                        and Giovanelli, Riccardo",
      title          = "{M/L, H-alpha rotation curves, and HI measurements for
                        329 nearby cluster and field spirals. 1. Data}",
      journal        = "Astron. J.",
      volume         = "127",
      year           = "2004",
      pages          = "3273-3329",
      doi            = "10.1086/420701",
      eprint         = "astro-ph/0402649",
      archivePrefix  = "arXiv",
      primaryClass   = "astro-ph",
      SLACcitation   = "%%CITATION = ASTRO-PH/0402649;%%"
}

@article{DM2,
      author         = "Massey, Richard and Kitching, Thomas and Richard, Johan",
      title          = "{The dark matter of gravitational lensing}",
      journal        = "Rept. Prog. Phys.",
      volume         = "73",
      year           = "2010",
      pages          = "086901",
      doi            = "10.1088/0034-4885/73/8/086901",
      eprint         = "1001.1739",
      archivePrefix  = "arXiv",
      primaryClass   = "astro-ph.CO",
      SLACcitation   = "%%CITATION = ARXIV:1001.1739;%%"
}

@article{Axions1,
  title = {Constraints imposed by $\mathrm{CP}$ conservation in the presence of pseudoparticles},
  author = {Peccei, R. D. and Quinn, Helen R.},
  journal = {Phys. Rev. D},
  volume = {16},
  issue = {6},
  pages = {1791--1797},
  numpages = {0},
  year = {1977},
  month = {Sep},
  publisher = {American Physical Society},
  doi = {10.1103/PhysRevD.16.1791},
  url = {https://link.aps.org/doi/10.1103/PhysRevD.16.1791}
}

@article{Axions2,
  title = {A New Light Boson?},
  author = {Weinberg, Steven},
  journal = {Phys. Rev. Lett.},
  volume = {40},
  issue = {4},
  pages = {223--226},
  numpages = {0},
  year = {1978},
  month = {Jan},
  publisher = {American Physical Society},
  doi = {10.1103/PhysRevLett.40.223},
  url = {https://link.aps.org/doi/10.1103/PhysRevLett.40.223}
}

@article{Axions3,
  title = {Problem of Strong $P$ and $T$ Invariance in the Presence of Instantons},
  author = {Wilczek, F.},
  journal = {Phys. Rev. Lett.},
  volume = {40},
  issue = {5},
  pages = {279--282},
  numpages = {0},
  year = {1978},
  month = {Jan},
  publisher = {American Physical Society},
  doi = {10.1103/PhysRevLett.40.279},
  url = {https://link.aps.org/doi/10.1103/PhysRevLett.40.279}
}

@misc{CouplingConstants,
  howpublished = {\url{http://www.theo-physik.uni-kiel.de/~bonitz/public/nobel04/public.html}},
}
%note = {Accessed: 2010-09-30}
@article{SolarNeutrinos,
      author         = "Maltoni, M. and Schwetz, T. and Tortola, M. A. and Valle,
                        J. W. F.",
      title          = "{Status of global fits to neutrino oscillations}",
      journal        = "New J. Phys.",
      volume         = "6",
      year           = "2004",
      pages          = "122",
      doi            = "10.1088/1367-2630/6/1/122",
      eprint         = "hep-ph/0405172",
      archivePrefix  = "arXiv",
      primaryClass   = "hep-ph",
      reportNumber   = "IFIC-04-19, TUM-HEP-548-04, YITP-SB-04-29",
      SLACcitation   = "%%CITATION = HEP-PH/0405172;%%"
}

@article{Seesaw,
      author         = "Ellis, John R. and Hisano, Junji and Raidal, Martti and
                        Shimizu, Yasuhiro",
      title          = "{A New parametrization of the seesaw mechanism and
                        applications in supersymmetric models}",
      journal        = "Phys. Rev.",
      volume         = "D66",
      year           = "2002",
      pages          = "115013",
      doi            = "10.1103/PhysRevD.66.115013",
      eprint         = "hep-ph/0206110",
      archivePrefix  = "arXiv",
      primaryClass   = "hep-ph",
      reportNumber   = "CERN-TH-2002-126, ICRR-REPORT-490-2002-8, DPNU-02-16",
      SLACcitation   = "%%CITATION = HEP-PH/0206110;%%"
}

@article{MuonDM,
      author         = "Jegerlehner, Fred and Nyffeler, Andreas",
      title          = "{The Muon g-2}",
      journal        = "Phys. Rept.",
      volume         = "477",
      year           = "2009",
      pages          = "1-110",
      doi            = "10.1016/j.physrep.2009.04.003",
      eprint         = "0902.3360",
      archivePrefix  = "arXiv",
      primaryClass   = "hep-ph",
      reportNumber   = "HU-EP-09-07, HRI-P-09-02-001, RECAPP-HRI-2009-003",
      SLACcitation   = "%%CITATION = ARXIV:0902.3360;%%"
}

@article{StrongCP,
      author         = "Peccei, R. D.",
      title          = "{The Strong CP problem and axions}",
      booktitle      = "{Axions: Theory, cosmology, and experimental searches.
                        Proceedings, 1st Joint ILIAS-CERN-CAST axion training,
                        Geneva, Switzerland, November 30-December 2, 2005}",
      journal        = "Lect. Notes Phys.",
      volume         = "741",
      year           = "2008",
      pages          = "3-17",
      doi            = "10.1007/978-3-540-73518-2_1",
      note           = "[,3(2006)]",
      eprint         = "hep-ph/0607268",
      archivePrefix  = "arXiv",
      primaryClass   = "hep-ph",
      SLACcitation   = "%%CITATION = HEP-PH/0607268;%%"
}

@article{Kaluza,
      author         = "Kaluza, Theodor",
      title          = "{On the Unification Problem in Physics}",
      booktitle      = "{International School of Cosmology and Gravitation: 8th
                        Course: Unified Field Theories of More than Four
                        Dimensions, Including Exact Solutions Erice, Italy, May
                        20-June 1, 1982}",
      journal        = "Sitzungsber. Preuss. Akad. Wiss. Berlin (Math. Phys.)",
      volume         = "1921",
      year           = "1921",
      pages          = "966-972",
      eprint         = "1803.08616",
      archivePrefix  = "arXiv",
      primaryClass   = "physics.hist-ph",
      SLACcitation   = "%%CITATION = ARXIV:1803.08616;%%"
}

@article{Klein,
author="Klein, Oskar",
title="Quantentheorie und f{\"u}nfdimensionale Relativit{\"a}tstheorie",
journal="Zeitschrift f{\"u}r Physik",
year="1926",
month="Dec",
day="01",
volume="37",
number="12",
pages="895--906",
issn="0044-3328",
doi="10.1007/BF01397481",
url="https://doi.org/10.1007/BF01397481"
}

@article{RS,
  title = {Large Mass Hierarchy from a Small Extra Dimension},
  author = {Randall, Lisa and Sundrum, Raman},
  journal = {Phys. Rev. Lett.},
  volume = {83},
  issue = {17},
  pages = {3370--3373},
  numpages = {0},
  year = {1999},
  month = {Oct},
  publisher = {American Physical Society},
  doi = {10.1103/PhysRevLett.83.3370},
  url = {https://link.aps.org/doi/10.1103/PhysRevLett.83.3370}
}

@article{KamLAND-Zen:2016pfg,
      author         = "Gando, A. and others",
      title          = "{Search for Majorana Neutrinos near the Inverted Mass
                        Hierarchy Region with KamLAND-Zen}",
      collaboration  = "KamLAND-Zen",
      journal        = "Phys. Rev. Lett.",
      volume         = "117",
      year           = "2016",
      number         = "8",
      pages          = "082503",
      doi            = "10.1103/PhysRevLett.117.109903,
                        10.1103/PhysRevLett.117.082503",
      note           = "[Addendum: Phys. Rev. Lett.117,no.10,109903(2016)]",
      eprint         = "1605.02889",
      archivePrefix  = "arXiv",
      primaryClass   = "hep-ex",
      SLACcitation   = "%%CITATION = ARXIV:1605.02889;%%"
}

@article{GERDA,
      author         = "Agostini, M. and others",
      title          = "{Improved Limit on Neutrinoless Double-$\beta$ Decay of
                        $^{76}$Ge from GERDA Phase II}",
      collaboration  = "GERDA",
      journal        = "Phys. Rev. Lett.",
      volume         = "120",
      year           = "2018",
      number         = "13",
      pages          = "132503",
      doi            = "10.1103/PhysRevLett.120.132503",
      eprint         = "1803.11100",
      archivePrefix  = "arXiv",
      primaryClass   = "nucl-ex",
      SLACcitation   = "%%CITATION = ARXIV:1803.11100;%%"
}


%%%%%%%%%%%%% Supersymmetry %%%%%%%%%%%%%

@article{ColemanMandula,
  title = {All Possible Symmetries of the $S$ Matrix},
  author = {Coleman, Sidney and Mandula, Jeffrey},
  journal = {Phys. Rev.},
  volume = {159},
  issue = {5},
  pages = {1251--1256},
  numpages = {0},
  year = {1967},
  month = {Jul},
  publisher = {American Physical Society},
  doi = {10.1103/PhysRev.159.1251},
  url = {https://link.aps.org/doi/10.1103/PhysRev.159.1251}
}

@article{RPVCMSSM,
      author         = "AbdusSalam, S. S. and others",
      title          = "{Benchmark Models, Planes, Lines and Points for Future
                        SUSY Searches at the LHC}",
      journal        = "Eur. Phys. J.",
      volume         = "C71",
      year           = "2011",
      pages          = "1835",
      doi            = "10.1140/epjc/s10052-011-1835-7",
      eprint         = "1109.3859",
      archivePrefix  = "arXiv",
      primaryClass   = "hep-ph",
      reportNumber   = "CERN-PH-TH-2011-224, DAMTP-2011-69, DESY-11-090,
                        FTPI-MINN-11-22, LCTS-2011-15, LPT-ORSAY-11-76, TTK-11-41,
                        UMN-TH-3012-11, DESY-11-90, KCL-PH-TH-2011-30",
      SLACcitation   = "%%CITATION = ARXIV:1109.3859;%%"
}

@article{Paschos1,
  title = {Natural conservation laws for neutral currents},
  author = {Glashow, Sheldon L. and Weinberg, Steven},
  journal = {Phys. Rev. D},
  volume = {15},
  issue = {7},
  pages = {1958--1965},
  numpages = {0},
  year = {1977},
  month = {Apr},
  publisher = {American Physical Society},
  doi = {10.1103/PhysRevD.15.1958},
  url = {https://link.aps.org/doi/10.1103/PhysRevD.15.1958}
}

@article{Paschos2,
  title = {Diagonal neutral currents},
  author = {Paschos, Emmanuel A.},
  journal = {Phys. Rev. D},
  volume = {15},
  issue = {7},
  pages = {1966--1972},
  numpages = {0},
  year = {1977},
  month = {Apr},
  publisher = {American Physical Society},
  doi = {10.1103/PhysRevD.15.1966},
  url = {https://link.aps.org/doi/10.1103/PhysRevD.15.1966}
}

@article{Freedman:1976xh,
      author         = "Freedman, Daniel Z. and van Nieuwenhuizen, P. and
                        Ferrara, S.",
      title          = "{Progress Toward a Theory of Supergravity}",
      journal        = "Phys. Rev.",
      volume         = "D13",
      year           = "1976",
      pages          = "3214-3218",
      doi            = "10.1103/PhysRevD.13.3214",
      reportNumber   = "ITP-SB-76-23",
      SLACcitation   = "%%CITATION = PHRVA,D13,3214;%%"
}

@article{Ellis:2002wv,
      author         = "Ellis, John R. and Olive, Keith A. and Santoso, Yudi",
      title          = "{The MSSM parameter space with nonuniversal Higgs
                        masses}",
      journal        = "Phys. Lett.",
      volume         = "B539",
      year           = "2002",
      pages          = "107-118",
      doi            = "10.1016/S0370-2693(02)02071-3",
      eprint         = "hep-ph/0204192",
      archivePrefix  = "arXiv",
      primaryClass   = "hep-ph",
      reportNumber   = "CERN-TH-2002-081, UMN-TH-2049-02, TPI-MINN-02-09",
      SLACcitation   = "%%CITATION = HEP-PH/0204192;%%"
}

@article{Datta:2001er,
      author         = "Datta, Amitava and Kundu, Anirban and Samanta, Abhijit",
      title          = "{New bounds on slepton and Wino masses in anomaly
                        mediated supersymmetry breaking models}",
      journal        = "Phys. Rev.",
      volume         = "D64",
      year           = "2001",
      pages          = "095016",
      doi            = "10.1103/PhysRevD.64.095016",
      eprint         = "hep-ph/0101034",
      archivePrefix  = "arXiv",
      primaryClass   = "hep-ph",
      SLACcitation   = "%%CITATION = HEP-PH/0101034;%%"
}

@article{Bagnaschi:2016xfg,
      author         = "Bagnaschi, E. and others",
      title          = "{Likelihood Analysis of the Minimal AMSB Model}",
      journal        = "Eur. Phys. J.",
      volume         = "C77",
      year           = "2017",
      number         = "4",
      pages          = "268",
      doi            = "10.1140/epjc/s10052-017-4810-0",
      eprint         = "1612.05210",
      archivePrefix  = "arXiv",
      primaryClass   = "hep-ph",
      reportNumber   = "FERMILAB-PUB-16-502-CMS, DESY-16-155, KCL-PH-TH-2016-58,
                        CERN-TH-2016-220, IFT-UAM-CSIC-16-112, IPMU16-0157,
                        FTPI-MINN-16-30, UMN-TH-3610-16, IPPP-16-104",
      SLACcitation   = "%%CITATION = ARXIV:1612.05210;%%"
}

@article{Martin:1997ns,
      author         = "Martin, Stephen P.",
      title          = "{A Supersymmetry primer}",
      year           = "1997",
      pages          = "1-98",
      doi            = "10.1142/9789812839657_0001, 10.1142/9789814307505_0001",
      note           = "[Adv. Ser. Direct. High Energy Phys.18,1(1998)]",
      eprint         = "hep-ph/9709356",
      archivePrefix  = "arXiv",
      primaryClass   = "hep-ph",
      reportNumber   = "FERMILAB-PUB-97-425-T",
      SLACcitation   = "%%CITATION = HEP-PH/9709356;%%"
}

@article{Nishino:2009aa,
      author         = "Nishino, H. and others",
      title          = "{Search for Proton Decay via p ---> e+ pi0 and p ---> mu+
                        pi0 in a Large Water Cherenkov Detector}",
      collaboration  = "Super-Kamiokande",
      journal        = "Phys. Rev. Lett.",
      volume         = "102",
      year           = "2009",
      pages          = "141801",
      doi            = "10.1103/PhysRevLett.102.141801",
      eprint         = "0903.0676",
      archivePrefix  = "arXiv",
      primaryClass   = "hep-ex",
      SLACcitation   = "%%CITATION = ARXIV:0903.0676;%%"
}

@article{MASIERO1990273,
title = "A model for spontaneous R parity breaking",
journal = "Physics Letters B",
volume = "251",
number = "2",
pages = "273 - 278",
year = "1990",
issn = "0370-2693",
doi = "https://doi.org/10.1016/0370-2693(90)90935-Y",
url = "http://www.sciencedirect.com/science/article/pii/037026939090935Y",
author = "A Masiero and J.W.F Valle"
}

@article{ROMAO1992311,
title = "How to spontaneously break R parity",
journal = "Physics Letters B",
volume = "288",
number = "3",
pages = "311 - 320",
year = "1992",
issn = "0370-2693",
doi = "https://doi.org/10.1016/0370-2693(92)91109-M",
url = "http://www.sciencedirect.com/science/article/pii/037026939291109M",
author = "J.C. Romão and C.A. Santos and J.W.F. Valle"
}

@article{Ghosh:2010hy,
      author         = "Ghosh, Dilip Kumar and Senjanovic, Goran and Zhang, Yue",
      title          = "{Naturally Light Sterile Neutrinos from Theory of
                        R-parity}",
      journal        = "Phys. Lett.",
      volume         = "B698",
      year           = "2011",
      pages          = "420-424",
      doi            = "10.1016/j.physletb.2011.03.039",
      eprint         = "1010.3968",
      archivePrefix  = "arXiv",
      primaryClass   = "hep-ph",
      SLACcitation   = "%%CITATION = ARXIV:1010.3968;%%"
}

% GAMBIT results
@article{Athron:2018vxy,
      author         = "Athron, Peter and others",
      title          = "{Combined collider constraints on neutralinos and
                        charginos}",
      collaboration  = "GAMBIT",
      year           = "2018",
      eprint         = "1809.02097",
      archivePrefix  = "arXiv",
      primaryClass   = "hep-ph",
      reportNumber   = "CoEPP-MN-18-7",
      SLACcitation   = "%%CITATION = ARXIV:1809.02097;%%"
}

@article{Athron:2017yua,
      author         = "Athron, Peter and others",
      title          = "{A global fit of the MSSM with GAMBIT}",
      collaboration  = "GAMBIT",
      journal        = "Eur. Phys. J.",
      volume         = "C77",
      year           = "2017",
      number         = "12",
      pages          = "879",
      doi            = "10.1140/epjc/s10052-017-5196-8",
      eprint         = "1705.07917",
      archivePrefix  = "arXiv",
      primaryClass   = "hep-ph",
      reportNumber   = "COEPP-MN-17-11, CERN-TH-2017-169, NORDITA-2017-081,
                        CERN-TH-2017-169, CoEPP-MN-17-11, NORDITA 2017-081",
      SLACcitation   = "%%CITATION = ARXIV:1705.07917;%%"
}

@article{Athron:2017qdc,
      author         = "Athron, Peter and others",
      title          = "{Global fits of GUT-scale SUSY models with GAMBIT}",
      collaboration  = "GAMBIT",
      journal        = "Eur. Phys. J.",
      volume         = "C77",
      year           = "2017",
      number         = "12",
      pages          = "824",
      doi            = "10.1140/epjc/s10052-017-5167-0",
      eprint         = "1705.07935",
      archivePrefix  = "arXiv",
      primaryClass   = "hep-ph",
      reportNumber   = "COEPP-MN-17-9, CERN-TH-2017-168, CoEPP-MN-17-9, NORDITA
                        2017-080",
      SLACcitation   = "%%CITATION = ARXIV:1705.07935;%%"
}

%% MasterCode results:

@article{Bagnaschi:2016afc,
      author         = "Bagnaschi, E. and others",
      title          = "{Likelihood Analysis of Supersymmetric SU(5) GUTs}",
      journal        = "Eur. Phys. J.",
      volume         = "C77",
      year           = "2017",
      number         = "2",
      pages          = "104",
      doi            = "10.1140/epjc/s10052-017-4639-6",
      eprint         = "1610.10084",
      archivePrefix  = "arXiv",
      primaryClass   = "hep-ph",
      reportNumber   = "KCL-PH-TH-2016-57, CERN-TH-2016-217, DESY-16-156,
                        IIFT-UAM-CSIC-16-105, FTPI-MINN-16-29, UMN-TH-3609-16,
                        IPPP-16-97, CERN-PH-TH-2016-217, IFT-UAM-CSIC-16-105,
                        FERMILAB-PUB-16-453-CMS",
      SLACcitation   = "%%CITATION = ARXIV:1610.10084;%%"
}

@article{Bagnaschi:2016xfg,
      author         = "Bagnaschi, E. and others",
      title          = "{Likelihood Analysis of the Minimal AMSB Model}",
      journal        = "Eur. Phys. J.",
      volume         = "C77",
      year           = "2017",
      number         = "4",
      pages          = "268",
      doi            = "10.1140/epjc/s10052-017-4810-0",
      eprint         = "1612.05210",
      archivePrefix  = "arXiv",
      primaryClass   = "hep-ph",
      reportNumber   = "FERMILAB-PUB-16-502-CMS, DESY-16-155, KCL-PH-TH-2016-58,
                        CERN-TH-2016-220, IFT-UAM-CSIC-16-112, IPMU16-0157,
                        FTPI-MINN-16-30, UMN-TH-3610-16, IPPP-16-104",
      SLACcitation   = "%%CITATION = ARXIV:1612.05210;%%"
}

@article{Bagnaschi:2017tru,
      author         = "Bagnaschi, E. and others",
      title          = "{Likelihood Analysis of the pMSSM11 in Light of LHC
                        13-TeV Data}",
      journal        = "Eur. Phys. J.",
      volume         = "C78",
      year           = "2018",
      number         = "3",
      pages          = "256",
      doi            = "10.1140/epjc/s10052-018-5697-0",
      eprint         = "1710.11091",
      archivePrefix  = "arXiv",
      primaryClass   = "hep-ph",
      reportNumber   = "KCL-PH-TH-2017-22, CERN-PH-TH-2017-087, CERN-TH-2017-087,
                        DESY-17-059, FTPI-MINN-17-17, UMN-TH-3701-17,
                        IFT-UAM-CSIC-17-035",
      SLACcitation   = "%%CITATION = ARXIV:1710.11091;%%"
}

@article{Costa:2017gup,
      author         = "Costa, J. C. and others",
      title          = "{Likelihood Analysis of the Sub-GUT MSSM in Light of LHC
                        13-TeV Data}",
      journal        = "Eur. Phys. J.",
      volume         = "C78",
      year           = "2018",
      number         = "2",
      pages          = "158",
      doi            = "10.1140/epjc/s10052-018-5633-3",
      eprint         = "1711.00458",
      archivePrefix  = "arXiv",
      primaryClass   = "hep-ph",
      reportNumber   = "KCL-PH-TH-2017-45, CERN-PH-TH-2017-197, CERN-TH-2017-197,
                        DESY-17-156, FTPI-MINN-17-19, UMN-TH-3703-17,
                        IFT-UAM-CSIC-17-089",
      SLACcitation   = "%%CITATION = ARXIV:1711.00458;%%"
}

%%%%%%%%%%%%%%%%%% MFV %%%%%%%%%%%%%%%%%%
%%% MFV_TOTAL
@article{DAmbrosio:2002vsn,
      author         = "D'Ambrosio, G. and Giudice, G. F. and Isidori, G. and
                        Strumia, A.",
      title          = "{Minimal flavor violation: An Effective field theory
                        approach}",
      journal        = "Nucl. Phys.",
      volume         = "B645",
      year           = "2002",
      pages          = "155-187",
      doi            = "10.1016/S0550-3213(02)00836-2",
      eprint         = "hep-ph/0207036",
      archivePrefix  = "arXiv",
      primaryClass   = "hep-ph",
      reportNumber   = "CERN-TH-2002-147, IFUP-TH-2002-17",
      SLACcitation   = "%%CITATION = HEP-PH/0207036;%%"
} 

@article{Altmannshofer:2007cs,
      author         = "Altmannshofer, Wolfgang and Buras, Andrzej J. and
                        Guadagnoli, Diego",
      title          = "{The MFV limit of the MSSM for low tan(beta): Meson
                        mixings revisited}",
      journal        = "JHEP",
      volume         = "11",
      year           = "2007",
      pages          = "065",
      doi            = "10.1088/1126-6708/2007/11/065",
      eprint         = "hep-ph/0703200",
      archivePrefix  = "arXiv",
      primaryClass   = "hep-ph",
      reportNumber   = "TUM-HEP-665-07",
      SLACcitation   = "%%CITATION = HEP-PH/0703200;%%"
}
%%% MFV 2 
@article{Buras:2000dm,
      author         = "Buras, A. J. and Gambino, P. and Gorbahn, M. and Jager,
                        S. and Silvestrini, L.",
      title          = "{Universal unitarity triangle and physics beyond the
                        standard model}",
      journal        = "Phys. Lett.",
      volume         = "B500",
      year           = "2001",
      pages          = "161-167",
      doi            = "10.1016/S0370-2693(01)00061-2",
      eprint         = "hep-ph/0007085",
      archivePrefix  = "arXiv",
      primaryClass   = "hep-ph",
      reportNumber   = "TUM-HEP-379-00, CERN-TH-2000-190",
      SLACcitation   = "%%CITATION = HEP-PH/0007085;%%"
}
%%%% CMFV
@article{CKMFitter,
      author         = "Charles, J. and Hocker, Andreas and Lacker, H. and
                        Laplace, S. and Le Diberder, F. R. and Malcles, J. and
                        Ocariz, J. and Pivk, M. and Roos, L.",
      title          = "{CP violation and the CKM matrix: Assessing the impact of
                        the asymmetric $B$ factories}",
      collaboration  = "CKMfitter Group",
      journal        = "Eur. Phys. J.",
      volume         = "C41",
      year           = "2005",
      number         = "1",
      pages          = "1-131",
      doi            = "10.1140/epjc/s2005-02169-1",
      eprint         = "hep-ph/0406184",
      archivePrefix  = "arXiv",
      primaryClass   = "hep-ph",
      reportNumber   = "CPT-2004-P-030, LAL-04-21, LAPP-EXP-2004-01,
                        LPNHE-2004-01",
      SLACcitation   = "%%CITATION = HEP-PH/0406184;%%"
}
@article{Csaki:2011ge,
      author         = "Csaki, Csaba and Grossman, Yuval and Heidenreich, Ben",
      title          = "{MFV SUSY: A Natural Theory for R-Parity Violation}",
      journal        = "Phys. Rev.",
      volume         = "D85",
      year           = "2012",
      pages          = "095009",
      doi            = "10.1103/PhysRevD.85.095009",
      eprint         = "1111.1239",
      archivePrefix  = "arXiv",
      primaryClass   = "hep-ph",
      SLACcitation   = "%%CITATION = ARXIV:1111.1239;%%"
}

@article{Straub:2009jd,
      author         = "Straub, David M.",
      title          = "{MFV and the SUSY CP Problem}",
      booktitle      = "{Proceedings, 7th International Conference on
                        Supersymmetry and the Unification of Fundamental
                        Interactions (SUSY09): Boston, USA, June 5-10, 2009}",
      journal        = "AIP Conf. Proc.",
      volume         = "1200",
      year           = "2010",
      pages          = "904-907",
      doi            = "10.1063/1.3327758",
      eprint         = "0909.3296",
      archivePrefix  = "arXiv",
      primaryClass   = "hep-ph",
      SLACcitation   = "%%CITATION = ARXIV:0909.3296;%%"
}

@article{Paradisi:2009ey,
      author         = "Paradisi, Paride and Straub, David M.",
      title          = "{The SUSY CP Problem and the MFV Principle}",
      journal        = "Phys. Lett.",
      volume         = "B684",
      year           = "2010",
      pages          = "147-153",
      doi            = "10.1016/j.physletb.2009.12.054",
      eprint         = "0906.4551",
      archivePrefix  = "arXiv",
      primaryClass   = "hep-ph",
      reportNumber   = "TUM-HEP-725-09",
      SLACcitation   = "%%CITATION = ARXIV:0906.4551;%%"
}
%%%%%%%%%%%%%%%%%%%%%%%%%%%%%%%%%%%%%%%%%%
% Higgs by ATLAS and CMS:
@article{Chatrchyan:2012xdj,
      author         = "Chatrchyan, Serguei and others",
      title          = "{Observation of a new boson at a mass of 125 GeV with the
                        CMS experiment at the LHC}",
      collaboration  = "CMS",
      journal        = "Phys. Lett.",
      volume         = "B716",
      year           = "2012",
      pages          = "30-61",
      doi            = "10.1016/j.physletb.2012.08.021",
      eprint         = "1207.7235",
      archivePrefix  = "arXiv",
      primaryClass   = "hep-ex",
      reportNumber   = "CMS-HIG-12-028, CERN-PH-EP-2012-220",
      SLACcitation   = "%%CITATION = ARXIV:1207.7235;%%"
}

@article{Aad:2012tfa,
      author         = "Aad, Georges and others",
      title          = "{Observation of a new particle in the search for the
                        Standard Model Higgs boson with the ATLAS detector at the
                        LHC}",
      collaboration  = "ATLAS",
      journal        = "Phys. Lett.",
      volume         = "B716",
      year           = "2012",
      pages          = "1-29",
      doi            = "10.1016/j.physletb.2012.08.020",
      eprint         = "1207.7214",
      archivePrefix  = "arXiv",
      primaryClass   = "hep-ex",
      reportNumber   = "CERN-PH-EP-2012-218",
      SLACcitation   = "%%CITATION = ARXIV:1207.7214;%%"
}

%%% TDR:
@article{Armstrong:1994it,
      author         = "Armstrong, W. W. and others",
      title          = "{ATLAS: Technical proposal for a general-purpose p p
                        experiment at the Large Hadron Collider at CERN}",
      collaboration  = "ATLAS",
      year           = "1994",
      reportNumber   = "CERN-LHCC-94-43",
      SLACcitation   = "%%CITATION = CERN-LHCC-94-43;%%"
}

@article{CMS:1994hea,
      title          = "{CMS, the Compact Muon Solenoid: Technical proposal}",
      collaboration  = "CMS",
      year           = "1994",
      reportNumber   = "CERN-LHCC-94-38, CERN-LHCC-P-1",
      SLACcitation   = "%%CITATION = CERN-LHCC-94-38;%%"
}

@article{Alice,
      title          = "{ALICE: Technical proposal for a large ion collider
                        experiment at the CERN LHC}",
      year           = "1995",
      reportNumber   = "CERN-LHCC-95-71, CERN-LHCC-P-3",
      SLACcitation   = "%%CITATION = CERN-LHCC-95-71;%%"
}

@article{Amato:1998xt,
      author         = "Amato, S. and others",
      title          = "{LHCb technical proposal}",
      collaboration  = "LHCb",
      year           = "1998",
      reportNumber   = "CERN-LHCC-98-04, CERN-LHCC-98-4, CERN-LHCC-P-4",
      SLACcitation   = "%%CITATION = CERN-LHCC-98-04;%%"
}




% The LHCb detector paper
@article{Alves:2008zz,
      author         = "Alves~Jr., A. A. and others",
      title          = "{The \lhcb detector at the LHC}",
      collaboration  = "LHCb collaboration",
      journal        = "JINST",
      volume         = "3",
      pages          = "S08005",
      doi            = "10.1088/1748-0221/3/08/S08005",
      year           = "2008",
}

%%% LHCb Muon part:
@article{Alves:2012ey,
      author         = "Alves, Jr., A. A. and others",
      title          = "{Performance of the LHCb muon system}",
      journal        = "JINST",
      volume         = "8",
      year           = "2013",
      pages          = "P02022",
      doi            = "10.1088/1748-0221/8/02/P02022",
      eprint         = "1211.1346",
      archivePrefix  = "arXiv",
      primaryClass   = "physics.ins-det",
      reportNumber   = "LHCB-DP-2012-002",
      SLACcitation   = "%%CITATION = ARXIV:1211.1346;%%"
}

%%% Performance part:
@article{Aaij:2014jba,
      author         = "Aaij, Roel and others",
      title          = "{LHCb Detector Performance}",
      collaboration  = "LHCb",
      journal        = "Int. J. Mod. Phys.",
      volume         = "A30",
      year           = "2015",
      number         = "07",
      pages          = "1530022",
      doi            = "10.1142/S0217751X15300227",
      eprint         = "1412.6352",
      archivePrefix  = "arXiv",
      primaryClass   = "hep-ex",
      reportNumber   = "LHCB-DP-2014-002, CERN-PH-EP-2014-290",
      SLACcitation   = "%%CITATION = ARXIV:1412.6352;%%"
}

% The standard trigger reference
@article{Aaij:2012me,
      author         = "Aaij, R. and Albrecht, J. and Alessio, F. and Amato, S.
                        and Aslanides, E. and others",
      title          = "{The \lhcb trigger and its performance}",
      year           = "2012",
      eprint         = "1211.3055",
      archivePrefix  = "arXiv",
      primaryClass   = "hep-ex",
      SLACcitation   = "%%CITATION = ARXIV:1211.3055;%%",
}

%% Kalman filter:
@article{Fruhwirth:1987fm,
      author         = "Fruhwirth, R.",
      title          = "{Application of Kalman filtering to track and vertex
                        fitting}",
      journal        = "Nucl. Instrum. Meth.",
      volume         = "A262",
      year           = "1987",
      pages          = "444-450",
      doi            = "10.1016/0168-9002(87)90887-4",
      reportNumber   = "HEPHY-PUB-87-503",
      SLACcitation   = "%%CITATION = NUIMA,A262,444;%%"
}

%% Trigger upgrade:
@article{LHCbCollaboration:2014vzo,
      author         = "LHCb Collaboration",
      title          = "{LHCb Trigger and Online Upgrade Technical Design
                        Report}",
      year           = "2014",
      reportNumber   = "CERN-LHCC-2014-016, LHCB-TDR-016",
      SLACcitation   = "%%CITATION = CERN-LHCC-2014-016;%%"
}

%% Prospect plots:
@article{Santos:2018zbz,
      author         = "Santos, Diego Martínez",
      title          = "{A strange program for LHCb}",
      booktitle      = "{Proceedings, International Workshop on "Flavour changing
                        and conserving processes" (FCCP2017): Anacapri, Capri
                        Island, Italy, September 7-9, 2017}",
      collaboration  = "LHCb",
      journal        = "EPJ Web Conf.",
      volume         = "179",
      year           = "2018",
      pages          = "01013",
      doi            = "10.1051/epjconf/201817901013",
      SLACcitation   = "%%CITATION = 00776,179,01013;%%"
}

%% Timepix:
@article{LLOPART2007485,
title = "Timepix, a 65k programmable pixel readout chip for arrival time, energy and/or photon counting measurements",
journal = "Nuclear Instruments and Methods in Physics Research Section A: Accelerators, Spectrometers, Detectors and Associated Equipment",
volume = "581",
number = "1",
pages = "485 - 494",
year = "2007",
note = "VCI 2007",
issn = "0168-9002",
doi = "https://doi.org/10.1016/j.nima.2007.08.079",
url = "http://www.sciencedirect.com/science/article/pii/S0168900207017020",
author = "X. Llopart and R. Ballabriga and M. Campbell and L. Tlustos and W. Wong",
keywords = "Pixel, Photon counting, CMOS, Arrival time, Medipix, Micro-pattern gas detectors"
}

%%Gaudi
@techreport{Mato:691746,
      author        = "Mato, P",
      title         = "GAUDI-Architecture design document",
      institution   = "CERN",
      address       = "Geneva",
      number        = "LHCb-98-064",
      month         = "Nov",
      year          = "1998",
      reportNumber  = "LHCb-98-064",
      url           = "https://cds.cern.ch/record/691746",
}

%% Analysis Workflow
@misc{Moore,
  title = {The {MOORE} Project},
  howpublished = {\url{http://lhcb-release-area.web.cern.ch/LHCb-release-area/DOC/moore/}},
}

@misc{Brunel,
  title = {The {BRUNEL} Project},
  howpublished = {\url{http://lhcbdoc.web.cern.ch/lhcbdoc/brunel/}},
}

@misc{Alignment,
  title = {The {ALIGNMENT} Project},
  howpublished = {\url{http://lhcbdoc.web.cern.ch/lhcbdoc/alignment/}},
}

@misc{DaVinci,
  howpublished = {\url{https://twiki.cern.ch/twiki/bin/view/LHCb/DaVinci}},
}

@misc{Erasmus,
  howpublished = {\url{https://gitlab.cern.ch/lhcb/Erasmus}},
}

@book{Eck:840543,
      author        = "Eck, Christoph and Knobloch, J and Robertson, Leslie and
                       Bird, I and Bos, K and Brook, N and Düllmann, D and Fisk,
                       I and Foster, D and Gibbard, B and Grandi, C and Grey, F
                       and Harvey, J and Heiss, A and Hemmer, F and Jarp, S and
                       Jones, R and Kelsey, D and Lamanna, M and Marten, H and
                       Mato-Vila, P and Ould-Saada, F and Panzer-Steindel, B and
                       Perini, L and Schutz, Y and Schwickerath, U and Shiers, J
                       and Wenaus, T",
      title         = "{LHC computing Grid: Technical Design Report. Version 1.06
                       (20 Jun 2005)}",
      publisher     = "CERN",
      address       = "Geneva",
      series        = "Technical Design Report LCG",
      year          = "2005",
      reportNumber  = "CERN-LHCC-2005-024",
      url           = "https://cds.cern.ch/record/840543",
}

@misc{Gauss,
  howpublished = {\url{http://lhcbdoc.web.cern.ch/lhcbdoc/gauss/}},
}

@article{Sjostrand:2007gs,
      author         = "Sjostrand, Torbjorn and Mrenna, Stephen and Skands, Peter
                        Z.",
      title          = "{A Brief Introduction to PYTHIA 8.1}",
      journal        = "Comput. Phys. Commun.",
      volume         = "178",
      year           = "2008",
      pages          = "852-867",
      doi            = "10.1016/j.cpc.2008.01.036",
      eprint         = "0710.3820",
      archivePrefix  = "arXiv",
      primaryClass   = "hep-ph",
      reportNumber   = "CERN-LCGAPP-2007-04, LU-TP-07-28,
                        FERMILAB-PUB-07-512-CD-T",
      SLACcitation   = "%%CITATION = ARXIV:0710.3820;%%"
}

@article{Ryd:2005zz,
      author         = "Ryd, Anders and Lange, David and Kuznetsova, Natalia and
                        Versille, Sophie and Rotondo, Marcello and Kirkby, David
                        P. and Wuerthwein, Frank K. and Ishikawa, Akimasa",
      title          = "{EvtGen: A Monte Carlo Generator for B-Physics}",
      year           = "2005",
      reportNumber   = "EVTGEN-V00-11-07",
      SLACcitation   = "%%CITATION = EVTGEN-V00-11-07;%%"
}

@article{Agostinelli2003250,
title = "Geant4 simulation toolkit ",
journal = "Nuclear Instruments and Methods in Physics Research Section A: Accelerators, Spectrometers, Detectors and Associated Equipment ",
volume = "506",
number = "3",
pages = "250 - 303",
year = "2003",
note = "",
issn = "0168-9002",
doi = "http://dx.doi.org/10.1016/S0168-9002(03)01368-8",
url = "http://www.sciencedirect.com/science/article/pii/S0168900203013688",
author = "Agostinelli, S. and others",
keywords = "Simulation",
keywords = "Particle interactions",
keywords = "Geometrical modelling",
keywords = "Software engineering",
keywords = "Object-oriented technology",
keywords = "Distributed software development "
}

%%%%%%%%% DF = 2:

@article{Altmannshofer:2009ne,
      author         = "Altmannshofer, Wolfgang and Buras, Andrzej J. and Gori,
                        Stefania and Paradisi, Paride and Straub, David M.",
      title          = "{Anatomy and Phenomenology of FCNC and CPV Effects in
                        SUSY Theories}",
      journal        = "Nucl. Phys.",
      volume         = "B830",
      year           = "2010",
      pages          = "17-94",
      doi            = "10.1016/j.nuclphysb.2009.12.019",
      eprint         = "0909.1333",
      archivePrefix  = "arXiv",
      primaryClass   = "hep-ph",
      reportNumber   = "TUM-HEP-727-09, MPP-2009-133",
      SLACcitation   = "%%CITATION = ARXIV:0909.1333;%%"
}

@article{Charles:2011va,
      author         = "Charles, J. and others",
      title          = "{Predictions of selected flavour observables within the
                        Standard Model}",
      journal        = "Phys. Rev.",
      volume         = "D84",
      year           = "2011",
      pages          = "033005",
      doi            = "10.1103/PhysRevD.84.033005",
      eprint         = "1106.4041",
      archivePrefix  = "arXiv",
      primaryClass   = "hep-ph",
      reportNumber   = "LPT-ORSAY-11-53",
      SLACcitation   = "%%CITATION = ARXIV:1106.4041;%%"
}

@article{Kobayashi:1973fv,
     author    = "Kobayashi, M. and Maskawa, T.",
     title     = "{$\CP$ violation in the renormalizable theory of weak
         interaction}",
 journal   = "Prog. Theor. Phys.",
 volume    = "49",
 year      = "1973",
 pages     = "652",
 SLACcitation  = "%%CITATION = PTPKA,49,652;%%"
 }

@Article{Cabibbo:1963yz,
     author    = "Cabibbo, N.",
     title     = "{Unitary symmetry and leptonic decays}",
     journal   = "Phys. Rev. Lett.",
     volume    = "10",
     year      = "1963",
     pages     = "531",
     doi       = "10.1103/PhysRevLett.10.531",
     SLACcitation  = "%%CITATION = PRLTA,10,531;%%"
}

@article{Feroz:2008xx,
      author         = "Feroz, F. and Hobson, M. P. and Bridges, M.",
      title          = "{MultiNest: an efficient and robust Bayesian inference
                        tool for cosmology and particle physics}",
      journal        = "Mon. Not. Roy. Astron. Soc.",
      volume         = "398",
      year           = "2009",
      pages          = "1601-1614",
      doi            = "10.1111/j.1365-2966.2009.14548.x",
      eprint         = "0809.3437",
      archivePrefix  = "arXiv",
      primaryClass   = "astro-ph",
      SLACcitation   = "%%CITATION = ARXIV:0809.3437;%%"
}

@article{Buras:2009if,
     author         = "Buras, Andrzej J.",
     title          = "{Flavour theory: 2009}",
     journal        = "PoS",
     volume         = "EPS-HEP2009",
     pages          = "024",
     year           = "2009",
     eprint         = "0910.1032",
     archivePrefix  = "arXiv",
     primaryClass   = "hep-ph",
}

@article{Chiang:2009ev,
     author         = "Chiang, Cheng-Wei and Datta, Alakabha and Duraisamy,
     Murugeswaran and London, David and Nagashima, Makiko and
         others",
     title          = "{New physics in $\Bs \to \jpsi\phi$: a general
         analysis}",
 journal        = "JHEP",
 volume         = "04",
 pages          = "031",
 doi            = "10.1007/JHEP04(2010)031",
 year           = "2010",
 eprint         = "0910.2929",
 archivePrefix  = "arXiv",
 primaryClass   = "hep-ph",
}

% Correct Bibtex entries are best obtained by cut-and-paste from
% Spires or Inspire.
% - They might still need some editing of Latex symbols in
%   the titles.
% - Page ranges should in many cases be shortened to just
%   having the start page.
% - Collaborations might need to be added or indeed just the word
%   "collaboration" put after them.

% Below are a set of standard references to use for LHCb.

@lhcbreport{LHCb-ANA-2016-052,
      number       = "{LHCb-ANA-2016-052}",
      author       = "Aaij, R. and others",
      collaboration = "LHCb collaboration",
      title        = "{Measurement of time-dependent CP-violation observables
                      in $\Bs\to D_s^{\mp}K^{\pm}$}",
      month        = "January",
      year         = "2016",
}

@lhcbreport{LHCb-ANA-2012-067,
      number       = "{LHCb-ANA-2012-067}",
      author       = "Aaij, R. and others",
      collaboration = "LHCb collaboration",
      title        = "{Tagged time-dependent analysis of $\Bs \to J/\psi\,K^+K^-$ and $\Bs \to J/\psi\,\pi^+\pi^-$ decays with 1.0~\invfb}",
      month        = "April",
      year         = "2013",
}

@lhcbreport{LHCb-ANA-2014-021,
      number       = "{LHCb-ANA-2014-021}",
      author       = "Aaij, R. and others",
      collaboration = "LHCb collaboration",
      title        = "{Measurement of $\phi_s$ from $\Bs\to J\psi\pi^+\pi^-$ decays}",
      month        = "April",
      year         = "2014",
}


@lhcbreport{LHCb-ANA-2011-036,
      number       = "{LHCb-ANA-2011-036}",
      author       = "Aaij, R. and others",
      collaboration = "LHCb collaboration",
      title        = "{Tagged time-dependent angular analysis of $\Bs \to J/\psi\,\phi$ decays with 337~\invpb}",
      month        = "September",
      year         = "2011",
}



% The LHCb detector paper
@article{Alves:2008zz,
      author         = "Alves~Jr., A. A. and others",
      title          = "{The \lhcb detector at the LHC}",
      collaboration  = "LHCb collaboration",
      journal        = "JINST",
      volume         = "3",
      pages          = "S08005",
      doi            = "10.1088/1748-0221/3/08/S08005",
      year           = "2008",
}

% The standard trigger reference
@article{Aaij:2012me,
      author         = "Aaij, R. and Albrecht, J. and Alessio, F. and Amato, S.
                        and Aslanides, E. and others",
      title          = "{The \lhcb trigger and its performance}",
      year           = "2012",
      eprint         = "1211.3055",
      archivePrefix  = "arXiv",
      primaryClass   = "hep-ex",
      SLACcitation   = "%%CITATION = ARXIV:1211.3055;%%",
}

% The HLT1 in 2010 data
@lhcbreport{LHCb-PUB-2011-003,
      author       = "Gligorov, Vladimir V",
      title        = "{A single track HLT1 trigger}",
      number       = "LHCb-PUB-2011-003",
}

% Standard reference for RICH performance
@article{arXiv:1211-6759,
      author         = "Adinolfi, M. and others",
      title          = "{Performance of the \lhcb RICH detector at the LHC}",
      year           = "2012",
      eprint         = "1211.6759",
      archivePrefix  = "arXiv",
      primaryClass   = "physics.ins-det",
      SLACcitation   = "%%CITATION = ARXIV:1211.6759;%%",
}



% PID performance
@article{LHCb-PROC-2011-008,
      author         = "Powell, A. and others",
      title          = "{Particle identification at LHCb}",
      journal        = "PoS",
      volume         = "ICHEP2010",
      pages          = "020",
      year           = "2010",
      note           = "\href{https://cdsweb.cern.ch/record/1322666?ln=en}{LHCb-PROC-2011-008}",
      SLACcitation   = "%%CITATION = POSCI,ICHEP2010,020;%%",
}

% The LHCb simulation
@article{LHCb-PROC-2011-006,
  author={Clemencic, M and others},
  title="{The \lhcb simulation application, \gauss: design, evolution and experience}",
  journal="{J. of Phys.: Conf. Ser.}",
  volume={331},
  pages={032023},
  doi={10.1088/1742-6596/331/3/032023},
  year={2011},
}

% Pythia tuning
@article{LHCb-PROC-2010-056,
      author         = "Belyaev, I. and others",
      title          = "{Handling of the generation of primary events
in \gauss, the \lhcb simulation framework}",
      journal        = "Nuclear Science Symposium Conference Record
(NSS/MIC)",
      volume         = "IEEE",
      pages          = "1155",
      year           = "2010",
      doi            = "10.1109/NSSMIC.2010.5873949",
}

% The PDG 2012 version
@Article{PDG2012,
     author    = "Beringer, J. and others",
 collaboration = "Particle Data Group",
     title     = "{\href{http://pdg.lbl.gov/}{Review of particle physics}}",
     journal   = "Phys. Rev.",
     volume    = "D86",
     year      = "2012",
     pages     = "010001",
     doi       = "10.1103/PhysRevD.86.010001",
}

% Pythia
@article{Sjostrand:2006za,
      author         = {Sj\"{o}strand, Torbj\"{o}rn and Mrenna, Stephen and
                       Skands, Peter"},
      title          = "{PYTHIA 6.4 physics and manual}",
      journal        = "JHEP",
      volume         = "05",
      pages          = "026",
      doi            = "10.1088/1126-6708/2006/05/026",
      year           = "2006",
      eprint         = "hep-ph/0603175",
      archivePrefix  = "arXiv",
      primaryClass   = "hep-ph",
}

%GEANT4 (the two below should be used together)
@Article{Agostinelli:2002hh,
     author    = "Agostinelli, S. and others",
 collaboration = "GEANT4 collaboration",
     title     = "{GEANT4: A simulation toolkit}",
     journal   = "Nucl. Instrum. Meth.",
     volume    = "A506",
     year      = "2003",
     pages     = "250",
     doi       = "10.1016/S0168-9002(03)01368-8",
     SLACcitation  = "%%CITATION = NUIMA,A506,250;%%"
}

@article{Allison:2006ve,
      author         = "Allison, John and Amako, K. and Apostolakis, J. and
                        Araujo, H. and Dubois, P.A. and others",
 collaboration = "GEANT4 collaboration",
      title          = "{Geant4 developments and applications}",
      journal        = "IEEE Trans.Nucl.Sci.",
      volume         = "53",
      pages          = "270",
      doi            = "10.1109/TNS.2006.869826",
      year           = "2006",
      reportNumber   = "SLAC-PUB-11870",
      SLACcitation   = "%%CITATION = IETNA,53,270;%%",
}


% EVTGEN
@Article{Lange:2001uf,
     author    = "Lange, D. J.",
     title     = "{The EvtGen particle decay simulation package}",
     journal   = "Nucl. Instrum. Meth.",
     volume    = "A462",
     year      = "2001",
     pages     = "152-155",
     doi       = "10.1016/S0168-9002(01)00089-4",
     SLACcitation  = "%%CITATION = NUIMA,A462,152;%%"
}

% PHOTOS
@article{Golonka:2005pn,
      author         = "Golonka, Piotr and Was, Zbigniew",
      title          = "{PHOTOS Monte Carlo: a precision tool for QED
                  corrections in $Z$ and $W$ decays}",
      journal        = "Eur.Phys.J.",
      volume         = "C45",
      pages          = "97-107",
      doi            = "10.1140/epjc/s2005-02396-4",
      year           = "2006",
      eprint         = "hep-ph/0506026",
      archivePrefix  = "arXiv",
      primaryClass   = "hep-ph",
      reportNumber   = "IFJPAN-V-05-01, CERN-PH-TH-2005-091",
      SLACcitation   = "%%CITATION = HEP-PH/0506026;%%",
}

% Crystal Ball function
@PhdThesis{Skwarnicki:1986xj,
  author    = "Skwarnicki, Tomasz",
  title     = "{A study of the radiative cascade transitions between the
                  Upsilon-prime and Upsilon resonances}",
  school = 	 {Institute of Nuclear Physics, Krakow},
  year = 	 {1986},
  note = 	 "{\href{http://inspirehep.net/record/230779/files/230779.pdf}{DESY-F31-86-02}}",
  SLACcitation   = "%%CITATION = DESY-F31-86-02 ETC.;%%"
}

% BDT
@book{Breiman,
  author = 	 {Breiman, L. and Friedman, J. H. and Olshen,
                  R. A. and Stone, C. J.},
  title = 	 {Classification and regression trees},
  publisher = 	 {Wadsworth international group},
  year = 	 {1984},
  address = 	 {Belmont, California, USA},
}

@article{Roe,
   author = {Roe, B.~P. and Yang, H.-J. and Zhu, J. and Liu,
                  Y. and Stancu, I. and McGregor, G.},
    title = "{Boosted decision trees as an alternative to artificial neural networks for particle identification}",
  journal = {Nucl.Instrum.Meth.},
   eprint = {physics/0408124},
archivePrefix  = "arXiv",
 primaryClass   = "physics",
     year = "2005",
   volume = "A543",
    pages = {577-584},
      doi = {10.1016/j.nima.2004.12.018},
}

% BDT training with AdaBoost
@Article{AdaBoost,
  author = 	 {Schapire, Robert E. and Freund, Yoav},
  title = 	 {A decision-theoretic generalization of on-line learning and an application to boosting},
  journal = 	 {Jour. Comp. and Syst. Sc.},
  volume         = "55",
  pages          = "119",
  year = 	 {1997},
  doi            = "10.1006/jcss.1997.1504",
}

%DecayTreeFitter
@article{Hulsbergen:2005pu,
      author         = "Hulsbergen, Wouter D.",
      title          = "{Decay chain fitting with a Kalman filter}",
      journal        = "Nucl.Instrum.Meth.",
      volume         = "A552",
      pages          = "566-575",
      doi            = "10.1016/j.nima.2005.06.078",
      year           = "2005",
      eprint         = "physics/0503191",
      archivePrefix  = "arXiv",
      primaryClass   = "physics",
      SLACcitation   = "%%CITATION = PHYSICS/0503191;%%",
}

@article{Majorana:1937vz,
      author         = "Majorana, Ettore",
      title          = "{Teoria simmetrica dell'elettrone e del positrone}",
      journal        = "Nuovo Cim.",
      volume         = "14",
      pages          = "171-184",
      doi            = "10.1007/BF02961314",
      year           = "1937",
}

@article{Pati:1974yy,
      author         = "Pati, Jogesh C. and Salam, Abdus",
      title          = "{Lepton Number as the Fourth Color}",
      journal        = "Phys. Rev.",
      volume         = "D10",
      pages          = "275-289",
      doi            = "10.1103/PhysRevD.10.275",
      year           = "1974",
      note           = "Erratum-ibid. {\bf D11} (1975) 703",
}

@article{Pascoli:2007qh,
      author         = "Pascoli, S. and Petcov, S.T.",
      title          = "{Majorana neutrinos, neutrino mass spectrum and the
                        $|\langle m \rangle| \sim 10^{-3}$~eV frontier in
                        neutrinoless double beta decay}",
      journal        = "Phys.\ Rev.",
      volume         = "D77",
      pages          = "113003",
      doi            = "10.1103/PhysRevD.77.113003",
      year           = "2008",
      eprint         = "0711.4993",
      archivePrefix  = "arXiv",
      primaryClass   = "hep-ph",
}

@article{Aaij:2011rj,
      author         = "Aaij, R and others",
      title          = "{Search for the rare decays $\Bs \to \mumu$ and
                       $\Bd \to \mumu$}",
      collaboration  = "LHCb collaboration",
      journal        = "Phys. Lett.",
      volume         = "B699",
      pages          = "330-340",
      doi            = "10.1016/j.physletb.2011.04.031",
      year           = "2011",
      eprint         = "1103.2465",
      archivePrefix  = "arXiv",
      primaryClass   = "hep-ex",
}

@article{FerroLuzzi:2005em,
      author         = "Ferro-Luzzi, M.",
      title          = "{Proposal for an absolute luminosity determination in
                        colliding beam experiments using vertex detection of
                        beam-gas interactions}",
      journal        = "Nucl.Instrum.Meth.",
      volume         = "A553",
      pages          = "388-399",
      doi            = "10.1016/j.nima.2005.07.010",
      year           = "2005",
}

@article{Skands:2009zm,
      author         = "Skands, Peter Z.",
      title          = "{The Perugia tunes}",
      year           = "2009",
      eprint         = "0905.3418",
      archivePrefix  = "arXiv",
      primaryClass   = "hep-ph",
}

@Misc{nnSSK,
     author =       {G. Krocker},
     title =        "{Neural network based kaon tagging: Development and performance of new same side and opposite side tagging algorithms}",
     howpublished = {LHCb-ANA-2014-003},
}

@Misc{BibTeX,
  author = 	 {Feder, Alexander},
  title = 	 {Your {Bib\TeX} resource},
  howpublished = {\href{http://www.bibtex.org/} {http://www.bibtex.org/}},
}

@Misc{mciteplus,
  author = 	 {Shell, Michael},
  title = 	 {Mciteplus: Enhanced multicitations},
  howpublished = {\href{http://www.michaelshell.org/tex/mciteplus/} {http://www.michaelshell.org/tex/mciteplus/}},
}

@article{Bobeth:2011gi,
      author         = "Bobeth, Christoph and Hiller, Gudrun and van Dyk, Danny",
      title          = "{More benefits of semileptonic rare $B$ decays at low
                        recoil: \CP Violation}",
      journal        = "JHEP",
      volume         = "07",
      pages          = "067",
      doi            = "10.1007/JHEP07(2011)067",
      year           = "2011",
      eprint         = "1105.0376",
      archivePrefix  = "arXiv",
      primaryClass   = "hep-ph",
      reportNumber   = "DO-TH-10-16",
      SLACcitation   = "%%CITATION = ARXIV:1105.0376;%%",
}

@article{sWeights,
      author         = "Pivk, Muriel and Le Diberder, Francois R.",
      title          = "{SPlot: A Statistical tool to unfold data distributions}",
      journal        = "Nucl.Instrum.Meth.",
      volume         = "A555",
      pages          = "356-369",
      doi            = "10.1016/j.nima.2005.08.106",
      year           = "2005",
      eprint         = "physics/0402083",
      archivePrefix  = "arXiv",
      primaryClass   = "physics.data-an",
      reportNumber   = "LAL-04-07",
}
@lhcbreport{LHCb-INT-2011-047,
      author       = "Dickens, Jeremy",
      title        = "A measurement of the photon efficiency from the 2010 data",
      number       = "LHCb-INT-2011-047",
}

@lhcbreport{LHCb-2009-024,
      author       = "Du Pree, Tristan and Raven, Gerhard",
      title        = "Methods for angular analyses of $B\to \jpsi V$",
      number       = "LHCb-2009-024",
}

@lhcbreport{LHCb-ANA-2011-078,
      author       = "Adrover, C and Albrecht, J and Bettler, M-O and Carson, L
                      and Cid Vidal, X and Elsasser, C and Hernando Morata, J A
                      and Lanfranchi, G and Mancinelli, G and Martinez Santos, D
                      and Matveev, M and Palutan, M and Perrin-Terrin, M and
                      Sagidova, N and Sarti, A and Serrano, J and Shcheglov, Y and
                      Steinkamp, O and Archilli, F and Sciascia, B",
      title        = "{Searches for $B_s \to \mu\mu$ and $B_d \to \mu\mu$ in 370
                      pb$^{-1}$ at LHCb}",
      number       = "LHCb-ANA-2011-078",
}

@lhcbreport{LHCb-INT-2013-010,
      author       = "Xie, Yuehong",
      title        = "Iterative method to improve simulation-based detector efficiency description in angular analysis",
      number       = "LHCb-INT-2013-011",
}

@article{ipatia,
       author         = "Martinez Santos, Diego",
       title          = "{Apolonius function for mass fitting
                         , to be submitted}",
       journal        = "Nucl.Instrum.Meth.",
       volume         = "",
       pages          = "",
       doi            = "",
       year           = "2013",
       eprint         = "",
}

@article{Aaij:2014emv,
      author         = "Aaij, Roel and others",
      title          = "{Measurement of resonant and CP components in
                        $\bar{B}_s^0\to J/\psi\pi^+\pi^-$ decays}",
      collaboration  = "LHCb",
      journal        = "Phys. Rev.",
      volume         = "D89",
      year           = "2014",
      number         = "9",
      pages          = "092006",
      doi            = "10.1103/PhysRevD.89.092006",
      eprint         = "1402.6248",
      archivePrefix  = "arXiv",
      primaryClass   = "hep-ex",
      reportNumber   = "LHCB-PAPER-2013-069, CERN-PH-EP-2014-024",
      SLACcitation   = "%%CITATION = ARXIV:1402.6248;%%"
}

@article{sFit,
        Archiveprefix = {arXiv},
        Author = {{Xie}, Yuehong},
        Eprint = {0905.0724},
        Primaryclass = {physics.data-an},
        Slaccitation = {%%CITATION = 0905.0724;%%},
        Title = {{sFit: a method for background subtraction in maximum likelihood fit}},
        Year = {2011}}

@article{Liu:2013nea,
      author         = "Liu, Xin and Wang, Wei and Xie, Yuehong",
      title          = "{Penguin Pollution in $B\to J/\psi V$ Decays and Impact
                        on the Extraction of the $B_s-\bar B_s$ mixing phase}",
      year           = "2013",
      eprint         = "1309.0313",
      archivePrefix  = "arXiv",
      primaryClass   = "hep-ph",
      SLACcitation   = "%%CITATION = ARXIV:1309.0313;%%",
}

@article{Kobayashi:1973fv,
     author    = "Kobayashi, M. and Maskawa, T.",
     title     = "{$\CP$ violation in the renormalizable theory of weak
         interaction}",
 journal   = "Prog. Theor. Phys.",
 volume    = "49",
 year      = "1973",
 pages     = "652",
 SLACcitation  = "%%CITATION = PTPKA,49,652;%%"
 }

@Article{Cabibbo:1963yz,
     author    = "Cabibbo, N.",
     title     = "{Unitary symmetry and leptonic decays}",
     journal   = "Phys. Rev. Lett.",
     volume    = "10",
     year      = "1963",
     pages     = "531",
     doi       = "10.1103/PhysRevLett.10.531",
     SLACcitation  = "%%CITATION = PRLTA,10,531;%%"
}

@article{CKMfitter,
     author         = "Charles, J. and others",
     collab        = "CKMfitter group",
     title          = "{Predictions of selected flavour observables within the
         Standard Model}",
 journal        = "Phys. Rev.",
 volume         = "D84",
 pages          = "033005",
 doi            = "10.1103/PhysRevD.84.033005",
 year           = "2011",
 eprint         = "1106.4041",
 archivePrefix  = "arXiv",
 primaryClass   = "hep-ph",
 reportNumber   = "LPT-ORSAY-11-53",
 SLACcitation   = "%%CITATION = ARXIV:1106.4041;%%",
 note = "with updated results and plots available at \url{http://ckmfitter.in2p3.fr}"
}


@article{Buras:2009if,
     author         = "Buras, Andrzej J.",
     title          = "{Flavour theory: 2009}",
     journal        = "PoS",
     volume         = "EPS-HEP2009",
     pages          = "024",
     year           = "2009",
     eprint         = "0910.1032",
     archivePrefix  = "arXiv",
     primaryClass   = "hep-ph",
}

@article{Bigi:1986vr,
     author         = "Bigi, Ikaros I.Y. and Sanda, A.I.",
     title          = "{$CP$ Violation in heavy flavor decays: predictions and
         search strategies}",
 journal        = "Nucl. Phys.",
 volume         = "B281",
 pages          = "41",
 doi            = "10.1016/0550-3213(87)90246-X",
 year           = "1987",
}

@article{Chiang:2009ev,
     author         = "Chiang, Cheng-Wei and Datta, Alakabha and Duraisamy,
     Murugeswaran and London, David and Nagashima, Makiko and
         others",
     title          = "{New physics in $\Bs \to \jpsi\phi$: a general
         analysis}",
 journal        = "JHEP",
 volume         = "04",
 pages          = "031",
 doi            = "10.1007/JHEP04(2010)031",
 year           = "2010",
 eprint         = "0910.2929",
 archivePrefix  = "arXiv",
 primaryClass   = "hep-ph",
}


@article{LHCb-PAPER-2013-065-2,
     author         = "Aaij, R. and others",
     collab        = "LHCb collaboration",
     title          = "{Measurements of the $B^+$, $B^0$, $B^0_s$ meson and $\Lambda^0_b$ baryon lifetimes}",
 journal        = "submitted to JHEP",
 year           = "2014",
 eprint         = "1402.2554",
 archivePrefix  = "arXiv",
 primaryClass   = "hep-ph",
 reportNumber   = "LHCb-PAPER-2013-065, CERN-PH-EP-2014-018",
 SLACcitation   = "%%CITATION = ARXIV:1402.2554;%%"
}

@lhcbreport{LHCb-ANA-2011-055,
      number       = "{LHCb-ANA-2012-067}",
      author       = "Aaij, R. and others",
      collaboration = "LHCb collaboration",
      title        = "{Measurements of the $B^+$, $B^0$, $B^0_s$ meson and $\Lambda^0_b$ baryon lifetimes}",
      month        = "December",
      year         = "2013",
}

@lhcbreport{LHCb-ANA-2012-053,
      number       = "{LHCb-ANA-2012-053}",
      author       = "Aaij, R. and others",
      collaboration = "LHCb collaboration",
      title        = "{Precision measurement of the $B^0_s - \bar{B}^0_s$ oscillation frequency with the decay $B^0_s \to D^+_s \pi^-$}",
      month        = "April",
      year         = "2013",
}

@lhcbreport{FastVelo,
      number       = "{LHCb-PUB-2011-001}",
      author       = "Olivier Callot",
      title        = "{FastVelo: a fast and efficient pattern recognition package for the 2165 Velo}",
      year         = "2011",
      note = "available at \url{https://cds.cern.ch/record/1322644/files/LHCb-2166 PUB-2011-001.pdf}"
}

@lhcbreport{xie_CSP_sfiterror,
      author    = "{Y. Xie}",
      title     = "{Some physics and technical issues in analysis of the decay  $B^0_s \rightarrow \Jpsi K^+ K^-$}",
      number    = "{LHCb-INT-2012-017}"
}

@article{Liu:2241242,
      author        = "Liu, Xuesong and Polyakov, Ivan and Stone, Sheldon and
                       Wang, Mengzhen and Zhang, Liming",
      title         = "{Study of the resonant components and CP-violations in
                       $\overline B^0_s \to J/\psi K^+K^-$ decay in the mass
                       region above the $\phi$}",
      month         = "Jan",
      year          = "2017",
      reportNumber  = "LHCb-ANA-2017-006",
      url           = "https://cds.cern.ch/record/2241242",
}

@lhcbreport{FT1,
      number    = "{LHCb-TALK}",
      author    = "{Dorigo, M. and others}",
      collaboration = "LHCb collaboration",
      title     = "{FT workshop, intro and status}",
      note      = "\url{https://indico.cern.ch/event/257864/session/0/contribution/37/material/slides/0.pdf}"
}

@lhcbreport{FT2,
      number    = "{LHCb-TWIKI}",
      author    = "{Dorigo, M. and others}",
      collaboration = "LHCb collaboration",
      title     = "{FT twiki page}",
      note      = "\url{https://twiki.cern.ch/twiki/bin/viewauth/LHCbPhysics/FlavourTagging4Reco14}"
}

@article{Kiselev:2003mp,
      author         = "Kiselev, V.V.",
      title          = "{Decays of the $B_c$ meson}",
      year           = "2003",
      eprint         = "hep-ph/0308214",
      archivePrefix  = "arXiv",
      primaryClass   = "hep-ph",
      SLACcitation   = "%%CITATION = HEP-PH/0308214;%%",
}
@PhdThesis{CERN-THESIS-2010-068,
  author    = "Martinez Santos, Diego",
  title     = "{Study of the very rare decay Bs->mumu in LHCb}",
  school = 	 {Universidade de Santiago de Compostela},
  year = 	 {2010},
  note = 	 "CERN-THESIS-2010-068",
  SLACcitation   = "%%CITATION = DESY-F31-86-02 ETC.;%%"
}

@article{Zhang:2012zk,
      author         = "Zhang, Liming and Stone, Sheldon",
      title          = "{Time-dependent Dalitz-plot formalism for $B_q^0 \to
                        J/\psi h^+ h^-$}",
      journal        = "Phys.Lett.",
      volume         = "B719",
      pages          = "383-387",
      doi            = "10.1016/j.physletb.2013.01.035",
      year           = "2013",
      eprint         = "1212.6434",
      archivePrefix  = "arXiv",
      primaryClass   = "hep-ph",
      SLACcitation   = "%%CITATION = ARXIV:1212.6434;%%",
}


@article{HFLAV2017,
      author    = "{Y. Amhis et al.}",
      collaboration = "Heavy Flavour Averaging Group",
      title     = "{Averages of b-hadron, c-hadron, and $\tau$-lepton properties as of summer 2017}",
      note      = "\url{http://www.slac.stanford.edu/xorg/hfag/osc/summer\_2017/}",
      archivePrefix  = "arXiv",
      year           = "2016",
      eprint         = "1612.07233",
      primaryClass   = "hep-ex"
}

@article{PDG2017,
      author         = "C. Patrignani et al.",
      title          = "{The Review of Particle Physics (2017)}",
      journal        = "Chin. Phys.",
      volume         = "C40",
      pages          = "100001",
      year           = "2016 and 2017 update"
}

@article{Ipanema,
      author         = "D. Martínez Santos et al.",
      title	     = "Ipanema-$\beta$: tools and examples for HEP analysis on GPU",
      archivePrefix  = "arXiv",
      year           = "2017",
      eprint         = "1706.01420",
      primaryClass   = "hep-ex"
}

@article{LHCbBc2013,
      archivePrefix = {arXiv},
      eprinttype    = {arxiv},
      eprint        = {1308.4544},
      title         = "{Observation of the Decay $\Bc$ $\to$ $\Bs$ $\pip$}",
      volume        = {111},
      issn          = {0031-9007, 1079-7114},
      doi           = {10.1103/PhysRevLett.111.181801},
      author        = "Aaij, R. and others",
      collaboration = "LHCb collaboration",
      month         = "April",
      year          = "2014",
      number        = {18},
      journal       = {Phys. Rev. Lett.},
}

@article{KiselevBc,
  archivePrefix = {arXiv},
  eprinttype    = {arxiv},
  eprint        = {hep-ph/0308214},
  title         = "{Decays of the $\Bc$ Meson}",
  url           = {http://arxiv.org/abs/hep-ph/0308214},
  abstract      = "{We summarize theoretical predictions on the decays of $\Bc$ meson.}",
  author        = {Kiselev, V. V.},
  urldate       = {2017-09-24},
  date          = {2003-08-21},
}


@article{LHCbANA2014039,
      number       = "{LHCb-ANA-2014-039}",
      author       = "Aaij, R. and others",
      collaboration = "LHCb collaboration",
      title        = "{Flavour tagged time-dependent angular analysis of $\Bs \to J/\psi K^+K^-$ decays in the low $K^+K^-$ mass range}",
      year         = "2014"
}

@article{LHCb-PAPER-2013-023,
      author         = "Aaij, R. and others",
      title          = "{Measurement of the polarization amplitudes in
                        $\Bz\to\jpsi\Kstar(892)^0$ decays}",
      collaboration  = "LHCb collaboration",
      journal        = "Phys. Rev.",
      volume         = "D88",
      pages          = "052002",
      year           = "2013",
      eprint         = "1307.2782",
      archivePrefix  = "arXiv",
      primaryClass   = "hep-ex",
      report         = "CERN-PH-EP-2013-104, LHCb-PAPER-2013-023",
      SLACcitation   = "%%CITATION = ARXIV:1307.2782;%%",
}


%%%%%%%%%%%%%%%%%%%%%%%%%%%%%%%%%%%%%%%%%%%%%%%%%%%%%%%%%
%
%  LHCb paper information moved to LHCb-PAPER.bib
%                         see also LHCb-CONF.bib
%
%%%%%%%%%%%%%%%%%%%%%%%%%%%%%%%%%%%%%%%%%%%%%%%%%%%%%%%%%





