%%%% Tech reports

@article{amhis,
      author         = "Amhis, Y. and others",
      title          = "{Averages of $b$-hadron, $c$-hadron, and $\tau$-lepton
                        properties as of summer 2014}",
      collaboration  = "Heavy Flavor Averaging Group (HFAG)",
      year           = "2014",
      eprint         = "1412.7515",
      archivePrefix  = "arXiv",
      primaryClass   = "hep-ex",
      reportNumber   = "FERMILAB-PUB-15-004-PPD",
      SLACcitation   = "%%CITATION = ARXIV:1412.7515;%%"
      note           = "Online updates available at http://www.slac.stanford.edu/xorg/hfag/",
}

@article{marinaCPV,
      author         = "Artuso, Marina and Borissov, Guennadi and Lenz,
                        Alexander",
      title          = "{CP Violation in the $B_s^0$ System}",
      year           = "2015",
      eprint         = "1511.09466",
      archivePrefix  = "arXiv",
      primaryClass   = "hep-ph",
      SLACcitation   = "%%CITATION = ARXIV:1511.09466;%%"
}

@article{tetraquark1a,
      author         = "Aaij, Roel and others",
      title          = "{Amplitude analysis of $B^+\to J/\psi \phi K^+$ decays}",
      collaboration  = "LHCb",
      year           = "2016",
      eprint         = "1606.07898",
      archivePrefix  = "arXiv",
      primaryClass   = "hep-ex",
      reportNumber   = "LHCB-PAPER-2016-019, CERN-EP-2016-156",
      SLACcitation   = "%%CITATION = ARXIV:1606.07898;%%"
}

@article{tetraquark1b,
      author         = "Aaij, Roel and others",
      title          = "{Observation of $J/\psi\phi$ structures consistent with
                        exotic states from amplitude analysis of $B^+\to J/\psi
                        \phi K^+$ decays}",
      collaboration  = "LHCb",
      year           = "2016",
      eprint         = "1606.07895",
      archivePrefix  = "arXiv",
      primaryClass   = "hep-ex",
      reportNumber   = "LHCB-PAPER-2016-018, CERN-EP-2016-155",
      SLACcitation   = "%%CITATION = ARXIV:1606.07895;%%"
}

@article{HollowElectrons,
      author         = "Stancari, Giulio and Previtali, Valentina and Valishev,
                        Alexander and Bruce, Roderik and Redaelli, Stefano and
                        Rossi, Adriana and Salvachua Ferrando, Belen",
      title          = "{Conceptual design of hollow electron lenses for beam
                        halo control in the Large Hadron Collider}",
      year           = "2014",
      eprint         = "1405.2033",
      archivePrefix  = "arXiv",
      primaryClass   = "physics.acc-ph",
      reportNumber   = "FERMILAB-TM-2572-APC, CERN-ACC-2014-0248",
      SLACcitation   = "%%CITATION = ARXIV:1405.2033;%%"
}

@techreport{LoIupgrade,
      title         = "{Letter of Intent for the LHCb Upgrade}",
      collaboration = "LHCb Collaboration",
      number        = "CERN-LHCC-2011-001. LHCC-I-018",
      month         = "Mar",
      year          = "2011",
      reportNumber  = "CERN-LHCC-2011-001",
      url           = "https://cds.cern.ch/record/1333091",
}

@techreport{gershon,
      author        = "Gershon, Tim",
      title         = "{Updated sensitivity projections for the LHCb Upgrade}",
      institution   = "CERN",
      address       = "Geneva",
      number        = "LHCb-PUB-2013-015. CERN-LHCb-PUB-2013-015",
      month         = "Sep",
      year          = "2013",
      reportNumber  = "LHCb-PUB-2013-015",
      url           = "https://cds.cern.ch/record/1604468",
}

@techreport{Martinez:1027522,
      author        = "Mart√≠nez, D and Hernando, JA and Teubert, F",
      title         = "{LHCb potential to measure/exclure the branching ratio of
                       the decay $Bs \to \mu^{+}\mu^{-}$}",
      institution   = "CERN",
      address       = "Geneva",
      number        = "LHCb-2007-033. CERN-LHCb-2007-033",
      month         = "Apr",
      year          = "2007",
      reportNumber  = "LHCb-2007-033",
      url           = "https://cds.cern.ch/record/1027522",
}

@techreport{PIDCalib,
      author        = "Anderlini, L. and others",
      title         = "{The PIDCalib package}",
      institution   = "CERN",
      address       = "Geneva",
      number        = "LHCb-PUB-2016-021. CERN-LHCb-PUB-2016-021",
      month         = "Jul",
      year          = "2016",
      reportNumber  = "LHCb-PUB-2016-021",
      url           = "https://cds.cern.ch/record/2202412",
}

@inproceedings{Baryogenesis1,
      author         = "Riotto, Antonio",
      title          = "{Theories of baryogenesis}",
      booktitle      = "{Proceedings, Summer School in High-energy physics and
                        cosmology: Trieste, Italy, June 29-July 17, 1998}",
      url            = "https://inspirehep.net/record/473645/files/arXiv:hep-ph_9807454.pdf",
      year           = "1998",
      pages          = "326-436",
      eprint         = "hep-ph/9807454",
      archivePrefix  = "arXiv",
      primaryClass   = "hep-ph",
      reportNumber   = "CERN-TH-98-204",
      SLACcitation   = "%%CITATION = HEP-PH/9807454;%%"
}

@techreport{Collaboration:1624070,
      collaboration = "LHCb Collaboration",
      title         = "{LHCb VELO Upgrade Technical Design Report}",
      number        = "CERN-LHCC-2013-021. LHCB-TDR-013",
      month         = "Nov",
      year          = "2013",
      reportNumber  = "CERN-LHCC-2013-021",
      href           = "https://cds.cern.ch/record/1624070",
}

@techreport{CERN-LHCC-2014-016,
      collaboration = "LHCb Collaboration",
      title         = "{LHCb Trigger and Online Upgrade Technical Design Report}",
      number        = "CERN-LHCC-2014-016. LHCB-TDR-016",
      month         = "May",
      year          = "2014",
      reportNumber  = "CERN-LHCC-2014-016",
      url           = "https://cds.cern.ch/record/1701361",
}

@techreport{Collaboration:1624074,
      collaboration = "LHCb Collaboration",
      title         = "{LHCb PID Upgrade Technical Design Report}",
      number        = "CERN-LHCC-2013-022. LHCB-TDR-014",
      month         = "Nov",
      year          = "2013",
      reportNumber  = "CERN-LHCC-2013-022",
      url           = "https://cds.cern.ch/record/1624074",
}

@techreport{Collaboration:1647400,
      collaboration = "LHCb Collaboration",
      title         = "{LHCb Tracker Upgrade Technical Design Report}",
      number        = "CERN-LHCC-2014-001. LHCB-TDR-015",
      month         = "Feb",
      year          = "2014",
      reportNumber  = "CERN-LHCC-2014-001",
      url           = "https://cds.cern.ch/record/1647400",
}

