%%%% PhD theses

@phdthesis{Grabalosa,
      author        = "Grabalosa, Marc",
      title         = "{Flavour Tagging developments within the LHCb experiment}",
      school        = "Barcelona U.",
      month         = "Mar",
      year          = "2012",
      reportNumber  = "CERN-THESIS-2012-075",
      url           = "https://cds.cern.ch/record/1456804",
      note          = "Presented 15 May 2012",
}

@phdthesis{EvangelhoVieira:2147515,
      author        = "Evangelho Vieira, Daniel",
      title         = "{Amplitude Analysis of $D^+ \rightarrow K^- K^+ \pi^+$
                       Decay with LHCb 2012 Data and RF-foil Simulations for the
                       LHCb Upgrade}",
      school        = "Rio de Janeiro Federal U.",
      month         = "Nov",
      year          = "2015",
      reportNumber  = "CERN-THESIS-2015-328",
      url           = "https://cds.cern.ch/record/2147515",
      note          = "Presented 14 Dec 2015",
}

@phdthesis{Deckenhoff:2140068,
      author        = "Deckenhoff, Mirco",
      title         = "{Scintillating Fibre and Silicon Photomultiplier Studies
                       for the LHCb upgrade}",
      school        = "Dortmund U.",
      month         = "Dec",
      year          = "2015",
      reportNumber  = "CERN-THESIS-2015-318",
      url           = "https://cds.cern.ch/record/2140068",
      note          = "Presented 23 Feb 2016",
}

@phdthesis{CrystalBall,
      author         = "Oreglia, M.",
      title          = "{A Study of the Reactions $\psi^\prime \to \gamma \gamma
                        \psi$}",
      school         = "SLAC",
      url            = "http://www-public.slac.stanford.edu/sciDoc/docMeta.aspx?slacPubNumber=slac-r-236.html",
      year           = "1980",
      reportNumber   = "SLAC-0236, UMI-81-08973, SLAC-R-0236, SLAC-R-236",
      SLACcitation   = "%%CITATION = SLAC-0236;%%"
}


@phdthesis{thesispaula,
      author        = "√Ålvarez Cartelle, Paula",
      title         = "{Study of the penguin-dominated decay $B_s^0 \rightarrow
                       K^{*0} \overline{K}{}^{*0}$ at LHCb}",
      school        = "Santiago de Compostela U.",
      month         = "Sep",
      year          = "2014",
      reportNumber  = "CERN-THESIS-2014-293",
      url           = "https://cds.cern.ch/record/2004775",
      note          = "Presented 21 Nov 2014",
}


@phdthesis{xabithesis,
      author        = "Cid Vidal, Xabier",
      title         = "{Search for the rare decays $B^0_{(s)} \rightarrow
                       \mu^+\mu^-$ and $K^0_{\rm S} \rightarrow \mu^+\mu^-$ with 1
                       fb$^{-1}$ at LHCb}",
      school        = "Santiago de Compostela U.",
      month         = "Jul",
      year          = "2012",
      reportNumber  = "CERN-THESIS-2012-154",
      url           = "https://cds.cern.ch/record/1490381",
      note          = "Presented 26 Oct 2012",
}

@phdthesis{BorsatoThesis,
      author        = "Borsato, Martino",
      title         = "{Study of the $B^0 \rightarrow K^{\ast 0}e^+ e^-$ decay
                       with the LHCb detector and development of a novel concept
                       of PID detector: the Focusing DIRC}",
      school        = "Paris U., IV",
      year          = "2015",
      reportNumber  = "CERN-THESIS-2015-219",
      url           = "https://cds.cern.ch/record/2104825",
      note          = "Presented 08 Sep 2015",
}

