% Correct Bibtex entries are best obtained by cut-and-paste from 
% Spires or Inspire.

@article{Jack,
      author         = "Gjesdal, S. and Presser, G. and Steffen, P. and
                        Steinberger, J. and Vannucci, F. and others",
      title          = "{Search for the decay k(s) ---&gt; 2muon}",
      journal        = "Phys.Lett.",
      volume         = "B44",
      pages          = "217-220",
      doi            = "10.1016/0370-2693(73)90525-X",
      year           = "1973",
      SLACcitation   = "%%CITATION = PHLTA,B44,217;%%",
}

@article{Isidori:2003ts,
      author         = "Isidori, Gino and Unterdorfer, Rene",
      title          = "{On the short distance constraints from $ K_{L,S}\to
                        \mu^+ \mu^-$}",
      journal        = "JHEP",
      volume         = "0401",
      pages          = "009",
      doi            = "10.1088/1126-6708/2004/01/009",
      year           = "2004",
      eprint         = "hep-ph/0311084",
      archivePrefix  = "arXiv",
      primaryClass   = "hep-ph",
      SLACcitation   = "%%CITATION = HEP-PH/0311084;%%",
}

@article{Ecker:1991ru,
      author         = "Ecker, G. and Pich, A.",
      title          = "{The Longitudinal muon polarization in $K_{L} \to \mu^+
                        \mu^-$}",
      journal        = "Nucl.Phys.",
      volume         = "B366",
      pages          = "189-208",
      doi            = "10.1016/0550-3213(91)90056-4",
      year           = "1991",
      reportNumber   = "CERN-TH-6035-91, UWTHPH-1991-9",
      SLACcitation   = "%%CITATION = NUPHA,B366,189;%%",
}

@article{nn_pid,
      author         = "Jones, Chris",
      title          = "{Charged Particle ID}",

      journal        = "LHCb: 47th Analysis and Software week",
      note           = "\url{https://indico.cern.ch/getFile.py/access?contribId=4&sessionId=0&resId=0&materialId=slides&confId=159519}"
}




@article{faller,
      author         = "Faller, Sven and Fleischer, Robert and Mannel, Thomas",
      title          = "{Precision Physics with $B^0_s \to J/\psi \phi$ at the
                        LHC: The Quest for New Physics}",
      journal        = "Phys. Rev.",
      volume         = "D79",
      pages          = "014005",
      doi            = "10.1103/PhysRevD.79.014005",
      year           = "2009",
      eprint         = "0810.4248",
      archivePrefix  = "arXiv",
      primaryClass   = "hep-ph",
}

@article{CDF,
      author         = "Aaltonen, T. and others",
      title          = "{Observation of $B^0_s \to J/\psi K^{*0}(892)$ and $B^0_s
                        \to J/\psi K^0_S$ Decays}",
      collaboration  = "CDF",
      journal        = "Phys. Rev.",
      volume         = "D83",
      pages          = "052012",
      doi            = "10.1103/PhysRevD.83.052012",
      year           = "2011",
      eprint         = "1102.1961",
      archivePrefix  = "arXiv",
      primaryClass   = "hep-ex",
}

@article{BsKstKst,
      author         = "Alves, A. Augusto and others",
      title          = "{First Observation of the decay \kstarkstar}",
      collaboration  = "LHCb",
      journal        = "CERN-LHCb-CONF-2011-019",
      year           = "2011",
}

@article{PDG,
      author         = "Nakamura, K. and others",
      title          = "{Review of particle physics}",
      collaboration  = "Particle Data Group",
      journal        = "J. Phys. G",
      volume         = "G37",
      pages          = "075021",
      doi            = "10.1088/0954-3899/37/7A/075021",
      year           = "2010",
}

@article{HFAG,
      author         = "Asner, D. and others",
      title          = "{Averages of b-hadron, c-hadron, and $\tau$--lepton
                        Properties}",
      collaboration  = "Heavy Flavor Averaging Group",
      year           = "2010",
      note           = "Long author list - awaiting processing",
      eprint         = "1010.1589",
      archivePrefix  = "arXiv",
      primaryClass   = "hep-ex",
}

@article{Karlen,
      author         = "Karlen, Dean",
      title          = "{Using projections and correlations to approximate
                        probability distributions}",
      journal        = "Comput. Phys.",
      volume         = "12",
      pages          = "380-384",
      doi            = "10.1063/1.168691",
      year           = "1998",
      eprint         = "physics/9805018",
      archivePrefix  = "arXiv",
      primaryClass   = "physics",
}

@Article{Read_02,
     author    = "Read, Alexander L.",
     title     = "Presentation of Search Results: The CL$_{\rm s}$ Technique",
     journal   = "J.~Phys.~",
     volume    = "G28",
     year      = "2002",
     pages     = "2693-2704",
     doi       = "10.1088/0954-3899/28/10/313",
     SLACcitation  = "%%CITATION = JPHGB,G28,2693;%%"
}

@Article{Junk_99,
     author    = "Junk, Thomas",
     title     = "Confidence Level Computation for Combining Searches with
                  Small Statistics",
     journal   = "Nucl.~Instrum.~Meth.~",
     volume    = "A434",
     year      = "1999",
     pages     = "435--443",
     eprint    = "hep-ex/9902006",
     archivePrefix = "arXiv",
     doi       = "10.1016/S0168-9002(99)00498-2",
     SLACcitation  = "%%CITATION = HEP-EX/9902006;%%",
}



@article{DiegoThesis,
      author         = "D. Martinez Santos",
      title          = "Study of the very rare decay $B_s \to \mu^+\mu^-$ in LHCb",
      journal        = "CERN-THESIS-2010-068",
}

@article{armenteros,
      author         = "J. Podolanski and R. Armenteros",
      title          = "{Analysis of V-events}",
      journal        = "Phil. Mag.",
      volume         = "45",
      pages          = "13",
      year           = "1954",
}

@Misc{Erasmus,
  note = 	 {\url{https://twiki.cern.ch/twiki/bin/view/LHCb/Erasmus}},
}

@Misc{CommonParticles,
  note = 	 {\url{https://twiki.cern.ch/twiki/bin/view/LHCb/CommonParticles}},
}


@Misc{DaVinci,
  note = 	 {\url{https://twiki.cern.ch/twiki/bin/view/LHCb/DaVinci}},
}


@Misc{brunel,
  note = 	 {\url{http://lhcb-release-area.web.cern.ch/LHCb-release-area/DOC/brunel/}},
}

@Misc{boole,
  note =  {\url{http://lhcb-release-area.web.cern.ch/LHCb-release-area/DOC/boole/}},
}

@Misc{condDB,
  note =  {\url{https://twiki.cern.ch/twiki/bin/view/LHCb/CondDBHowTo}},
}

Misc{dddb,
 note = {\url{https://lhcb-comp.web.cern.ch/lhcb-comp/Frameworks/DetDesc/default.htm}},
}

@Misc{dddb,
 note = {\url{https://lhcb-comp.web.cern.ch/lhcb-comp/Frameworks/DetDesc/default}},
}


@article{gaudi,
      author         = "P. Mato",
      title          = "{GAUDI-Architecture design document}",
      journal        = "LHCb note 98-064",
      volume         = "",
      pages          = "",
      year           = "",

}



@article{PYTHIA,
      author         = {T.~Sj\"{o}strand; S.~Mrenna and P.~Skands},
      title          = "{PYTHIA 6.4: Physics and manual}",
      journal        = "JHEP",
      volume         = "05",
      pages          = "",
      year           = "2006",
}



@Misc{photos,
      note           = {\url{http://heptools.inp.demokritos.gr/node/1021}},

}


@Misc{lhapdf,
      note           = {\url{ http://projects.hepforge.org/lhapdf/}},

}

@Misc{hepmc,
      note           = {\url{https://savannah.cern.ch/projects/hepmc}},
}



@article{geant4,
      author         = "J. Allison and others",
      title          = "{GEANT 4, toolkit for the simulation of the passage of particles through matter}",
      journal        = "Nuclear Science",
      volume         =  "53",
      pages          = "",
      year           = "2006",
}


@Misc{Bender,
  note = 	 {\url{http://lhcb-release-area.web.cern.ch/LHCb-release-area/DOC/bender/}},
}

@Misc{Gauss,
     note = 	 {\url{http://lhcb-release-area.web.cern.ch/LHCb-release-area/DOC/gauss/}},
}


@article{muonid_note,
      author         = "G.~Lanfranchi and others",
      title          ={The Muon Identification procedure of the LHCb experiment for the first data}, 
      journal        = "LHCb-PUB-2009-013"
}



@article{nshared,
      author         = "M.~Gandelman and E. Polycarpo",
      title          = {The Performance of the LHCb Muon Identification Procedure},
      journal        = "LHCb-2007-145"

}


@article{jpsi_ananote,
      author         = "J.~Albrecht and others",
      title          ={Updated measurement of the $J/\Psi$ production cross-section in LHCb}, 
      journal        = "LHCb-ANA-2010-012"
}


@article{Victor,
      author         = "N. Gauvin and others",
      title          ={Search for (Higgs-like) bosons decaying into long-lived exotic particles},
      journal        = "LHCb-ANA-2012-038"
}


@article{bsmumu_ana_1fb,
      author         = "{\Bsmm WG}",
      title          ={Search for the rare decays \Bsmm and \Bdmm with 1.02 fb$^{-1}$ at LHCb}, 
      journal        = "LHCb-ANA-2011-102"
}

@article{bsmumu_ana,
      author         = "R. Aaij and others",
      title          = "{Search for the rare decays $\Bs \to \mu^+\mu^-$ and $\Bz \to
                        \mu^+\mu^-$}",
      collaboration  = "LHCb",
      journal        = "Phys. Lett.",
      volume         = "B699",
      pages          = "330-340",
      doi            = "10.1016/j.physletb.2011.04.031",
      year           = "2011",
      eprint         = "1103.2465",
      archivePrefix  = "arXiv",
      primaryClass   = "hep-ex",
}

@article{PK,
      author         = "Koppenburg, P.",
      title          = "{Selection of $B^+\to llK$ at LHCb and Sensitivity to $R_K$}",
      journal        = "CERN-LHCb-2007-034",
      year           = "2007",
}
@article{2009,
      author         = "Martinez Santos, D.",
      title          = "{I don't care. In current LHCb.bst titles are removed}",
      journal        = "CERN-LHCb-INT-2010-010",
      year           = "2010",
}

@article{fdfs,
      author         = "Aaij, R. and others",
      title          = "{Determination of $f_s/f_d$ for 7 TeV pp collisions and a
                        measurement of the branching fraction of the decay
                        $B_d \to D^-K^+$}",
      collaboration  = "LHCb",
      year           = "2011",
      note           = "Accepted for publication in Physical Review Letters",
      eprint         = "1106.4435",
      archivePrefix  = "arXiv",
      primaryClass   = "hep-ex",
}

%%%%%%%%%%%%%%%%%
%
% References below are copy-pasted directly from LHCb-PAPER-2011-012
%
%%%%%%%%%%%%%%%%%


@article{roadmap,
      author         = "Adeva, B. and others",
      title          = "{Roadmap for selected key measurements of LHCb}",
      collaboration  = "LHCb",
      journal        = "LHCb-PUB-2009-029, pag. 86",
      year           = "2009",
}

@article{note2,
      author         = "Alves, A. Augusto and others",
      title          = "{Flavor--untagged angular analysis of decays \jpsikstar and $\Bs
                       \to \jpsi\phi$ decays}",
      collaboration  = "LHCb",
      journal        = "CERN-LHCb-CONF-2011-002",
      year           = "2011",
}

@article{fsfdlhcb0,
      author         = "Alves, A. Augusto and others",
      title          = "{Average $f_s/f_d$ $b$--hadron production fraction for
                       7 TeV pp collisions}",
      collaboration  = "LHCb",
      journal        = "CERN-LHCb-CONF-2011-034",
      year           = "2011",
}

@article{lhcbl0,
      author         = "Antunes Nobrega, R. and others",
      title          = "{LHCb Trigger System, Technical Design Report}",
      collaboration  = "LHCb",
      journal        = "CERN-LHCC-2003-031",
      year           = "2003",
}

@article{TISTOS,
      author         = "Lopez Asamar, E. and others",
      title          = "{Measurement of trigger efficiencies and biases}",
      journal        = "LHCb-PUB-2007-073",
      year           = "2007",
}

@article{beneke,
      author         = "Beneke, Martin and Rohrer, Johannes and Yang, Deshan",
      title          = "{Branching fractions, polarisation and asymmetries of \B
                        \to VV decays}",
      journal        = "Nucl. Phys.",
      volume         = "B774",
      pages          = "64-101",
      doi            = "10.1016/j.nuclphysb.2007.03.020",
      year           = "2007",
      eprint         = "hep-ph/0612290",
      archivePrefix  = "arXiv",
      primaryClass   = "hep-ph",
}

@article{matias,
      author         = "Descotes-Genon, Sebastien and Matias, Joaquim and Virto,
                        Javier",
      title          = "{Penguin-mediated $B_{d,s} \to VV$ decays and the $B_s -
                        \bar{B}_s$ mixing angle}",
      journal        = "Phys. Rev.",
      volume         = "D76",
      pages          = "074005",
      doi            = "10.1103/PhysRevD.76.074005",
      year           = "2007",
      eprint         = "0705.0477",
      archivePrefix  = "arXiv",
      primaryClass   = "hep-ph",
}

@article{dunietz,
      author         = "Dunietz, Isard and Fleischer, Robert and Nierste, Ulrich",
      title          = "{In pursuit of new physics with $B_s$ decays}",
      journal        = "Phys.Rev.",
      volume         = "D63",
      pages          = "114015",
      doi            = "10.1103/PhysRevD.63.114015",
      year           = "2001",
      eprint         = "hep-ph/0012219",
      archivePrefix  = "arXiv",
      primaryClass   = "hep-ph",
}

@article{ciuchini,
      author         = "Ciuchini, M. and Pierini, M. and Silvestrini, L.",
      title          = "{$\Bs \to \Kstarz \Kstarzb$ decays: The Golden channels for
                        new physics searches}",
      journal        = "Phys. Rev. Lett.",
      volume         = "100",
      pages          = "031802",
      doi            = "10.1103/PhysRevLett.100.031802",
      year           = "2008",
      eprint         = "hep-ph/0703137",
      archivePrefix  = "arXiv",
      primaryClass   = "HEP-PH",
}

@article{fleischer99,
      author         = "Fleischer, Robert",
      title          = "{Extracting CKM phases from angular distributions of
                        $B_{(d,s)}$ decays into admixtures of CP eigenstates}",
      journal        = "Phys. Rev.",
      volume         = "D60",
      pages          = "073008",
      doi            = "10.1103/PhysRevD.60.073008",
      year           = "1999",
      eprint         = "hep-ph/9903540",
      archivePrefix  = "arXiv",
      primaryClass   = "hep-ph",
}

@article{fleischer,
      author         = "Fleischer, Robert and Gronau, Michael",
      title          = "{Studying new physics amplitudes in charmless B(s)
                        decays}",
      journal        = "Phys. Lett.",
      volume         = "B660",
      pages          = "212-216",
      doi            = "10.1016/j.physletb.2007.12.028",
      year           = "2008",
      eprint         = "0709.4013",
      archivePrefix  = "arXiv",
      primaryClass   = "hep-ph",
}

@article{bbar,
      author         = "Aubert, Bernard and others",
      title          = "{Observation of $\Bz \to \Kstarz\Kstarzb$ and search for $\Bz \to
                       \Kstarz\Kstarz$}",
      collaboration  = "BABAR",
      journal        = "Phys. Rev. Lett.",
      volume         = "100",
      pages          = "081801",
      doi            = "10.1103/PhysRevLett.100.081801",
      year           = "2008",
      eprint         = "0708.2248",
      archivePrefix  = "arXiv",
      primaryClass   = "hep-ex",
}

@article{sld,
      author         = "Abe, Kenji and others",
      title          = "{Search for charmless hadronic decays of B mesons with
                        the SLD detector}",
      collaboration  = "SLD",
      journal        = "Phys. Rev.",
      volume         = "D62",
      pages          = "071101",
      doi            = "10.1103/PhysRevD.62.071101",
      year           = "2000",
      eprint         = "hep-ex/9910050",
      archivePrefix  = "arXiv",
      primaryClass   = "hep-ex",
}

@article{jinst,
      author         = "Alves, A. Augusto and others",
      title          = "{The LHCb Detector at the LHC}",
      collaboration  = "LHCb",
      journal        = "JINST",
      volume         = "3",
      pages          = "S08005",
      doi            = "10.1088/1748-0221/3/08/S08005",
      year           = "2008",
}

@article{cb,
      author         = "Skwarnicki, Tomasz",
      year           = "1986",
      note           = "Ph.D. Thesis",
      journal        = "DESY F31-86-02 1986, Appendix E.",
}

@article{Jpsi_1,
      author         = "Aaij, R. and others",
      title          = "{Measurement of J/psi production in pp collisions at
                        sqrt(s)=7 TeV}",
      collaboration  = "LHCb",
      journal        = "Eur. Phys. J.",
      volume         = "C71",
      pages          = "1645",
      doi            = "10.1140/epjc/s10052-011-1645-y",
      year           = "2011",
      eprint         = "1103.0423",
      archivePrefix  = "arXiv",
      primaryClass   = "hep-ex",
}

@article{swave-bbar,
      author         = "Aubert, Bernard and others",
      title          = "{Measurement of decay amplitudes of $B \to J/\psi K^{*},
                        \psi(2S) K^{*}$, and $\chi_{c1} K^{*}$ with an angular
                        analysis}",
      collaboration  = "BABAR",
      journal        = "Phys. Rev.",
      volume         = "D76",
      pages          = "031102",
      doi            = "10.1103/PhysRevD.76.031102",
      year           = "2007",
      eprint         = "0704.0522",
      archivePrefix  = "arXiv",
      primaryClass   = "hep-ex",
}

@article{jpsikstar_pol,
      author         = "Abe, K. and others",
      title          = "{Measurements of branching fractions and decay amplitudes
                        in $B \to J/\psi K^{*}$ decays}",
      collaboration  = "Belle",
      journal        = "Phys. Lett.",
      volume         = "B538",
      pages          = "11-20",
      doi            = "10.1016/S0370-2693(02)01969-X",
      year           = "2002",
      eprint         = "hep-ex/0205021",
      archivePrefix  = "arXiv",
      primaryClass   = "hep-ex",
}

@article{jpsikstar_pol2,
      author         = "Abe, K. and others",
      title          = "{Measurements of branching fractions and decay amplitudes
                        in $B \to J/\psi K^{*}$ decays}",
      collaboration  = "Belle Collaboration",
      journal        = "Phys. Lett.",
      volume         = "B538",
      pages          = "11-20",
      doi            = "10.1016/S0370-2693(02)01969-X",
      year           = "2002",
      eprint         = "hep-ex/0205021",
      archivePrefix  = "arXiv",
      primaryClass   = "hep-ex",
}

@article{jpsikstar_pol3,
      author         = "Abazov, V.M. and others",
      title          = "{Measurement of the angular and lifetime parameters of
                        the decays $B^0_{d} \to J/\psi K^{*0}$ and $B^0_{s} \to
                        J/\psi \phi$}",
      collaboration  = "D0",
      journal        = "Phys. Rev. Lett.",
      volume         = "102",
      pages          = "032001",
      doi            = "10.1103/PhysRevLett.102.032001",
      year           = "2009",
      eprint         = "0810.0037",
      archivePrefix  = "arXiv",
      primaryClass   = "hep-ex",
}

@article{jpsikstar_pol4,
      author         = "Abazov, V.M. and others",
      title          = "{Angular Analysis of $\Bs \to \jpsi\phi$ and $\B \to \jpsi\Kstar$
                        Decays and measurement of $\Delta\Gamma_s$ and $\phi_s$}",
      collaboration  = "CDF",
      journal        = "CDF public note 8950",
      year           = "2011",
}


@article{babar_ang,
      author         = "Aubert, Bernard and others",
      title          = "{Ambiguity-free measurement of $\cos(2\beta)$:
                        Time-integrated and time-dependent angular analyses of $B
                        \to J/\psi K \pi$}",
      collaboration  = "BABAR Collaboration",
      journal        = "Phys.Rev.",
      volume         = "D71",
      pages          = "032005",
      doi            = "10.1103/PhysRevD.71.032005",
      year           = "2005",
      eprint         = "hep-ex/0411016",
      archivePrefix  = "arXiv",
      primaryClass   = "hep-ex",
}

@article{Raluca,
      author         = "Aaij, R. and others",
      title          = "{Measurement of $V^0$ production ratios in $pp$
                        collisions at $\sqrt{s} = 0.9$ and 7\,TeV}",
      collaboration  = "LHCb Collaboration",
      journal        = "JHEP",
      volume         = "1108",
      pages          = "034",
      doi            = "10.1007/JHEP08(2011)034",
      year           = "2011",
      eprint         = "1107.0882",
      archivePrefix  = "arXiv",
      primaryClass   = "hep-ex",
      reportNumber   = "CERN-PH-EP-2011-082, LHCB-PAPER-2011-005",
      SLACcitation   = "%%CITATION = ARXIV:1107.0882;%%",
}

@article{Barlow,
      author         = "R. Barlow",
      title          = "{}",
      collaboration  = "",
      journal        = "",
      volume         = "",
      pages          = "",
      doi            = "",
      year           = "2003",
      eprint         = "0401042",
      archivePrefix  = "arXiv",
      primaryClass   = "physics",
      reportNumber   = "eConf C030908, WEMT002",
      SLACcitation   = "%%CITATION = ARXIV:1107.0882;%%",
}


@article{muid_2010,
      author         = "F. Archilli and others",
      title          = "{Muon Identification performance at LHCb with the 2010 data}",
      journal        = "LHCb-INT-2011-048",
      year           = "2011",
}


@article{ana2011,
      author         = "Bettler, M.O. and Cid Vidal, X. and Martinez Santos, D.",
      title          = "{Search for \Ksmumu in LHCb}",
      journal        = "LHCb-ANA-2011-101",
      year           = "2012",
}


@Misc{trTwiki,
  note = 	 {\url{https://twiki.cern.ch/twiki/bin/view/LHCb/LHCbTrackingEfficiencies}},
}

@inproceedings{D'Ambrosio:1994ae,
      author         = "D'Ambrosio, G. and Ecker, G. and Isidori, G. and Neufeld,
                        H.",
      title          = "{Radiative nonleptonic kaon decays}",
      booktitle      = "{2nd DAPHNE Physics Handbook:265-313}",
      url            = "http://preprints.cern.ch/cgi-bin/setlink?base=preprint&categ=cern&id=th-7503-94",
      year           = "1994",
      pages          = "265-313",
      eprint         = "hep-ph/9411439",
      archivePrefix  = "arXiv",
      primaryClass   = "hep-ph",
      reportNumber   = "INFN-NA-IV-94-24, DSF-94-24, UWTHPH-1994-20,
                        CERN-TH-7503-94",
      SLACcitation   = "%%CITATION = HEP-PH/9411439;%%"
}

@article{Beringer:1900zz,
      author         = "Beringer, J. and others",
      title          = "{Review of Particle Physics (RPP)}",
      collaboration  = "Particle Data Group",
      journal        = "Phys. Rev.",
      volume         = "D86",
      year           = "2012",
      pages          = "010001",
      doi            = "10.1103/PhysRevD.86.010001",
      reportNumber   = "SLAC-REPRINT-2014-001",
      SLACcitation   = "%%CITATION = PHRVA,D86,010001;%%"
}

@article{Hocker:2007ht,
      author         = "Hocker, Andreas and others",
      title          = "{TMVA - Toolkit for Multivariate Data Analysis}",
      booktitle      = "{Proceedings, 11th International Workshop on Advanced
                        computing and analysis techniques in physics research
                        (ACAT 2007)}",
      journal        = "PoS",
      volume         = "ACAT",
      year           = "2007",
      pages          = "040",
      eprint         = "physics/0703039",
      archivePrefix  = "arXiv",
      primaryClass   = "PHYSICS",
      reportNumber   = "CERN-OPEN-2007-007",
      SLACcitation   = "%%CITATION = PHYSICS/0703039;%%"
}

@article{Hypatia,
      author         = "Martínez Santos, Diego and Dupertuis, Frederic",
      title          = "{Mass distributions marginalized over per-event errors}",
      journal        = "Nucl. Instrum. Meth.",
      volume         = "A764",
      year           = "2014",
      pages          = "150-155",
      doi            = "10.1016/j.nima.2014.06.081",
      eprint         = "1312.5000",
      archivePrefix  = "arXiv",
      primaryClass   = "hep-ex",
      SLACcitation   = "%%CITATION = ARXIV:1312.5000;%%"
}
